datetime;ask;bid;spread
2023-06-28 00:00:01.219;33918.7;33917.2;1.5
2023-06-28 00:00:03.219;33917.7;33916.2;1.5
2023-06-28 00:00:04.015;33916.7;33915.2;1.5
2023-06-28 00:00:04.515;33916.2;33914.7;1.5
2023-06-28 00:00:05.427;33916.7;33915.2;1.5
2023-06-28 00:00:07.238;33917.2;33915.7;1.5
2023-06-28 00:00:08.040;33916.7;33915.2;1.5
2023-06-28 00:00:09.617;33917.2;33915.7;1.5
2023-06-28 00:00:12.020;33917.7;33916.2;1.5
2023-06-28 00:00:18.615;33917.2;33915.7;1.5
2023-06-28 00:00:20.326;33917.7;33916.2;1.5
2023-06-28 00:00:22.421;33916.7;33915.2;1.5
2023-06-28 00:00:26.416;33917.2;33915.7;1.5
2023-06-28 00:00:39.516;33916.7;33915.2;1.5
2023-06-28 00:00:46.815;33917.2;33915.7;1.5
2023-06-28 00:00:47.318;33917.7;33916.2;1.5
2023-06-28 00:00:48.417;33918.2;33916.7;1.5
2023-06-28 00:00:49.919;33918.7;33917.2;1.5
2023-06-28 00:01:01.319;33919.7;33918.2;1.5
2023-06-28 00:01:11.215;33920.7;33919.2;1.5
2023-06-28 00:01:14.915;33921.7;33920.2;1.5
2023-06-28 00:01:19.815;33922.7;33921.2;1.5
2023-06-28 00:01:21.315;33922.2;33920.7;1.5
2023-06-28 00:01:22.423;33921.7;33920.2;1.5
2023-06-28 00:01:27.620;33922.7;33921.2;1.5
2023-06-28 00:01:32.717;33921.7;33920.2;1.5
2023-06-28 00:01:36.115;33920.2;33918.7;1.5
2023-06-28 00:01:38.919;33920.7;33919.2;1.5
2023-06-28 00:01:43.115;33921.7;33920.2;1.5
2023-06-28 00:01:45.125;33920.7;33919.2;1.5
2023-06-28 00:01:49.616;33920.2;33918.7;1.5
2023-06-28 00:01:50.716;33920.7;33919.2;1.5
2023-06-28 00:01:54.130;33920.2;33918.7;1.5
2023-06-28 00:01:54.517;33920.7;33919.2;1.5
2023-06-28 00:01:58.216;33921.7;33920.2;1.5
2023-06-28 00:01:59.316;33922.7;33921.2;1.5
2023-06-28 00:02:00.521;33921.7;33920.2;1.5
2023-06-28 00:02:01.516;33922.7;33921.2;1.5
2023-06-28 00:02:14.116;33921.7;33920.2;1.5
2023-06-28 00:02:14.515;33921.2;33919.7;1.5
2023-06-28 00:02:16.818;33920.7;33919.2;1.5
2023-06-28 00:02:17.723;33920.2;33918.7;1.5
2023-06-28 00:02:23.332;33920.7;33919.2;1.5
2023-06-28 00:02:24.616;33921.2;33919.7;1.5
2023-06-28 00:02:28.315;33921.7;33920.2;1.5
2023-06-28 00:02:40.821;33922.2;33920.7;1.5
2023-06-28 00:02:43.122;33922.7;33921.2;1.5
2023-06-28 00:02:48.216;33921.7;33920.2;1.5
2023-06-28 00:02:51.816;33920.7;33919.2;1.5
2023-06-28 00:03:00.719;33920.2;33918.7;1.5
2023-06-28 00:03:01.421;33921.7;33920.2;1.5
2023-06-28 00:03:05.521;33921.2;33919.7;1.5
2023-06-28 00:03:06.024;33920.7;33919.2;1.5
2023-06-28 00:03:11.026;33921.2;33919.7;1.5
2023-06-28 00:03:12.918;33920.7;33919.2;1.5
2023-06-28 00:03:17.011;33921.2;33919.7;1.5
2023-06-28 00:03:18.520;33921.7;33920.2;1.5
2023-06-28 00:03:22.714;33920.7;33919.2;1.5
2023-06-28 00:03:41.125;33919.7;33918.2;1.5
2023-06-28 00:03:43.616;33920.7;33919.2;1.5
2023-06-28 00:03:46.018;33919.7;33918.2;1.5
2023-06-28 00:03:52.320;33921.2;33919.7;1.5
2023-06-28 00:03:52.618;33921.7;33920.2;1.5
2023-06-28 00:03:56.816;33920.7;33919.2;1.5
2023-06-28 00:04:06.223;33922.2;33920.7;1.5
2023-06-28 00:04:07.716;33922.7;33921.2;1.5
2023-06-28 00:04:10.819;33921.7;33920.2;1.5
2023-06-28 00:04:12.315;33921.2;33919.7;1.5
2023-06-28 00:04:13.415;33921.7;33920.2;1.5
2023-06-28 00:04:17.321;33920.7;33919.2;1.5
2023-06-28 00:04:19.617;33921.2;33919.7;1.5
2023-06-28 00:04:19.915;33921.7;33920.2;1.5
2023-06-28 00:04:28.917;33922.7;33921.2;1.5
2023-06-28 00:04:43.216;33921.2;33919.7;1.5
2023-06-28 00:04:43.716;33922.7;33921.2;1.5
2023-06-28 00:04:48.816;33921.7;33920.2;1.5
2023-06-28 00:04:58.817;33922.7;33921.2;1.5
2023-06-28 00:05:03.618;33921.7;33920.2;1.5
2023-06-28 00:05:04.321;33922.2;33920.7;1.5
2023-06-28 00:05:07.323;33921.7;33920.2;1.5
2023-06-28 00:05:15.719;33922.2;33920.7;1.5
2023-06-28 00:05:16.025;33921.7;33920.2;1.5
2023-06-28 00:05:17.316;33922.7;33921.2;1.5
2023-06-28 00:05:18.226;33922.2;33920.7;1.5
2023-06-28 00:05:18.817;33922.7;33921.2;1.5
2023-06-28 00:05:26.616;33922.2;33920.7;1.5
2023-06-28 00:05:27.917;33921.7;33920.2;1.5
2023-06-28 00:05:28.417;33922.2;33920.7;1.5
2023-06-28 00:05:29.616;33921.7;33920.2;1.5
2023-06-28 00:05:30.317;33922.7;33921.2;1.5
2023-06-28 00:05:30.715;33923.7;33922.2;1.5
2023-06-28 00:05:33.426;33923.2;33921.7;1.5
2023-06-28 00:05:36.416;33923.7;33922.2;1.5
2023-06-28 00:05:36.821;33923.2;33921.7;1.5
2023-06-28 00:05:39.316;33922.7;33921.2;1.5
2023-06-28 00:05:39.914;33923.2;33921.7;1.5
2023-06-28 00:05:41.315;33923.7;33922.2;1.5
2023-06-28 00:05:45.330;33922.7;33921.2;1.5
2023-06-28 00:06:04.919;33921.7;33920.2;1.5
2023-06-28 00:06:08.315;33921.2;33919.7;1.5
2023-06-28 00:06:08.515;33921.7;33920.2;1.5
2023-06-28 00:06:09.438;33922.7;33921.2;1.5
2023-06-28 00:06:11.915;33921.7;33920.2;1.5
2023-06-28 00:06:13.116;33922.2;33920.7;1.5
2023-06-28 00:06:14.023;33921.7;33920.2;1.5
2023-06-28 00:06:17.212;33922.2;33920.7;1.5
2023-06-28 00:06:18.715;33922.7;33921.2;1.5
2023-06-28 00:06:21.717;33921.7;33920.2;1.5
2023-06-28 00:06:29.633;33921.2;33919.7;1.5
2023-06-28 00:06:30.216;33921.7;33920.2;1.5
2023-06-28 00:06:34.818;33922.2;33920.7;1.5
2023-06-28 00:06:35.621;33921.7;33920.2;1.5
2023-06-28 00:06:38.015;33922.7;33921.2;1.5
2023-06-28 00:06:47.324;33923.2;33921.7;1.5
2023-06-28 00:06:50.215;33924.2;33922.7;1.5
2023-06-28 00:06:50.716;33924.7;33923.2;1.5
2023-06-28 00:06:52.115;33924.2;33922.7;1.5
2023-06-28 00:06:52.315;33924.7;33923.2;1.5
2023-06-28 00:06:54.118;33924.2;33922.7;1.5
2023-06-28 00:06:56.122;33924.7;33923.2;1.5
2023-06-28 00:06:56.919;33925.2;33923.7;1.5
2023-06-28 00:06:58.025;33925.7;33924.2;1.5
2023-06-28 00:07:11.626;33926.7;33925.2;1.5
2023-06-28 00:07:22.919;33926.2;33924.7;1.5
2023-06-28 00:07:25.618;33925.7;33924.2;1.5
2023-06-28 00:07:49.110;33925.2;33923.7;1.5
2023-06-28 00:07:50.319;33924.7;33923.2;1.5
2023-06-28 00:07:52.617;33924.2;33922.7;1.5
2023-06-28 00:07:53.329;33923.7;33922.2;1.5
2023-06-28 00:07:54.219;33924.2;33922.7;1.5
2023-06-28 00:07:54.515;33925.7;33924.2;1.5
2023-06-28 00:07:57.919;33924.7;33923.2;1.5
2023-06-28 00:07:58.515;33925.2;33923.7;1.5
2023-06-28 00:07:59.222;33925.7;33924.2;1.5
2023-06-28 00:08:01.216;33925.2;33923.7;1.5
2023-06-28 00:08:04.118;33924.7;33923.2;1.5
2023-06-28 00:08:09.320;33925.7;33924.2;1.5
2023-06-28 00:08:09.616;33925.2;33923.7;1.5
2023-06-28 00:08:11.117;33926.7;33925.2;1.5
2023-06-28 00:08:14.115;33925.7;33924.2;1.5
2023-06-28 00:08:18.949;33926.7;33925.2;1.5
2023-06-28 00:08:25.922;33927.2;33925.7;1.5
2023-06-28 00:08:27.221;33926.7;33925.2;1.5
2023-06-28 00:08:32.218;33927.7;33926.2;1.5
2023-06-28 00:08:38.819;33928.2;33926.7;1.5
2023-06-28 00:08:39.118;33927.7;33926.2;1.5
2023-06-28 00:08:48.216;33928.2;33926.7;1.5
2023-06-28 00:08:49.218;33927.7;33926.2;1.5
2023-06-28 00:09:02.414;33926.7;33925.2;1.5
2023-06-28 00:09:04.923;33927.2;33925.7;1.5
2023-06-28 00:09:05.215;33926.7;33925.2;1.5
2023-06-28 00:09:07.515;33927.7;33926.2;1.5
2023-06-28 00:09:20.254;33928.2;33926.7;1.5
2023-06-28 00:09:25.115;33927.7;33926.2;1.5
2023-06-28 00:09:28.815;33928.2;33926.7;1.5
2023-06-28 00:09:29.117;33928.7;33927.2;1.5
2023-06-28 00:09:34.315;33930.2;33928.7;1.5
2023-06-28 00:09:34.620;33930.7;33929.2;1.5
2023-06-28 00:09:38.515;33932.2;33930.7;1.5
2023-06-28 00:09:46.817;33931.7;33930.2;1.5
2023-06-28 00:09:49.318;33932.2;33930.7;1.5
2023-06-28 00:09:50.119;33931.7;33930.2;1.5
2023-06-28 00:09:51.415;33931.2;33929.7;1.5
2023-06-28 00:09:53.315;33931.7;33930.2;1.5
2023-06-28 00:09:54.523;33931.2;33929.7;1.5
2023-06-28 00:09:55.216;33932.2;33930.7;1.5
2023-06-28 00:09:56.015;33932.7;33931.2;1.5
2023-06-28 00:10:03.615;33931.7;33930.2;1.5
2023-06-28 00:10:09.016;33930.7;33929.2;1.5
2023-06-28 00:10:10.116;33929.7;33928.2;1.5
2023-06-28 00:10:10.820;33930.2;33928.7;1.5
2023-06-28 00:10:11.715;33929.7;33928.2;1.5
2023-06-28 00:10:13.723;33928.7;33927.2;1.5
2023-06-28 00:10:14.117;33929.2;33927.7;1.5
2023-06-28 00:10:14.515;33928.7;33927.2;1.5
2023-06-28 00:10:17.617;33929.2;33927.7;1.5
2023-06-28 00:10:18.120;33928.7;33927.2;1.5
2023-06-28 00:10:19.823;33929.2;33927.7;1.5
2023-06-28 00:10:26.021;33929.7;33928.2;1.5
2023-06-28 00:10:30.017;33929.2;33927.7;1.5
2023-06-28 00:10:31.016;33929.7;33928.2;1.5
2023-06-28 00:10:40.518;33929.2;33927.7;1.5
2023-06-28 00:10:40.928;33929.7;33928.2;1.5
2023-06-28 00:10:45.434;33930.2;33928.7;1.5
2023-06-28 00:10:46.219;33929.7;33928.2;1.5
2023-06-28 00:10:47.817;33930.7;33929.2;1.5
2023-06-28 00:10:59.223;33931.7;33930.2;1.5
2023-06-28 00:11:00.315;33930.7;33929.2;1.5
2023-06-28 00:11:05.120;33929.7;33928.2;1.5
2023-06-28 00:11:06.116;33930.2;33928.7;1.5
2023-06-28 00:11:06.515;33930.7;33929.2;1.5
2023-06-28 00:11:08.217;33930.2;33928.7;1.5
2023-06-28 00:11:09.115;33929.7;33928.2;1.5
2023-06-28 00:11:13.116;33930.2;33928.7;1.5
2023-06-28 00:11:14.318;33930.7;33929.2;1.5
2023-06-28 00:11:21.516;33931.2;33929.7;1.5
2023-06-28 00:11:22.818;33931.7;33930.2;1.5
2023-06-28 00:11:24.817;33932.7;33931.2;1.5
2023-06-28 00:11:26.617;33931.7;33930.2;1.5
2023-06-28 00:11:28.116;33932.2;33930.7;1.5
2023-06-28 00:11:29.618;33931.7;33930.2;1.5
2023-06-28 00:11:31.519;33930.7;33929.2;1.5
2023-06-28 00:11:32.016;33931.2;33929.7;1.5
2023-06-28 00:11:42.318;33930.7;33929.2;1.5
2023-06-28 00:11:48.917;33930.2;33928.7;1.5
2023-06-28 00:11:49.516;33930.7;33929.2;1.5
2023-06-28 00:11:50.919;33931.7;33930.2;1.5
2023-06-28 00:11:51.824;33931.2;33929.7;1.5
2023-06-28 00:11:53.330;33930.7;33929.2;1.5
2023-06-28 00:12:00.520;33931.2;33929.7;1.5
2023-06-28 00:12:00.718;33931.7;33930.2;1.5
2023-06-28 00:12:02.315;33930.7;33929.2;1.5
2023-06-28 00:12:03.916;33931.2;33929.7;1.5
2023-06-28 00:12:04.817;33930.7;33929.2;1.5
2023-06-28 00:12:09.616;33931.2;33929.7;1.5
2023-06-28 00:12:09.817;33931.7;33930.2;1.5
2023-06-28 00:12:11.215;33931.2;33929.7;1.5
2023-06-28 00:12:11.418;33931.7;33930.2;1.5
2023-06-28 00:12:11.816;33931.2;33929.7;1.5
2023-06-28 00:12:12.316;33931.7;33930.2;1.5
2023-06-28 00:12:16.815;33932.2;33930.7;1.5
2023-06-28 00:12:18.315;33932.7;33931.2;1.5
2023-06-28 00:12:20.120;33932.2;33930.7;1.5
2023-06-28 00:12:21.218;33931.7;33930.2;1.5
2023-06-28 00:12:23.716;33931.2;33929.7;1.5
2023-06-28 00:12:23.917;33930.7;33929.2;1.5
2023-06-28 00:12:40.122;33930.2;33928.7;1.5
2023-06-28 00:12:41.915;33929.7;33928.2;1.5
2023-06-28 00:12:42.516;33929.2;33927.7;1.5
2023-06-28 00:12:42.818;33928.7;33927.2;1.5
2023-06-28 00:12:43.315;33927.7;33926.2;1.5
2023-06-28 00:12:53.123;33928.7;33927.2;1.5
2023-06-28 00:12:55.016;33928.2;33926.7;1.5
2023-06-28 00:12:56.716;33928.7;33927.2;1.5
2023-06-28 00:13:12.315;33929.7;33928.2;1.5
2023-06-28 00:13:19.323;33928.7;33927.2;1.5
2023-06-28 00:13:19.817;33929.7;33928.2;1.5
2023-06-28 00:13:21.431;33930.7;33929.2;1.5
2023-06-28 00:13:30.817;33929.7;33928.2;1.5
2023-06-28 00:13:41.428;33930.2;33928.7;1.5
2023-06-28 00:13:42.524;33930.7;33929.2;1.5
2023-06-28 00:13:48.017;33930.2;33928.7;1.5
2023-06-28 00:13:49.015;33929.2;33927.7;1.5
2023-06-28 00:13:49.416;33928.7;33927.2;1.5
2023-06-28 00:13:57.924;33928.2;33926.7;1.5
2023-06-28 00:13:59.125;33928.7;33927.2;1.5
2023-06-28 00:14:00.515;33928.2;33926.7;1.5
2023-06-28 00:14:01.031;33928.7;33927.2;1.5
2023-06-28 00:14:02.115;33928.2;33926.7;1.5
2023-06-28 00:14:04.317;33928.7;33927.2;1.5
2023-06-28 00:14:30.316;33929.7;33928.2;1.5
2023-06-28 00:14:32.517;33928.7;33927.2;1.5
2023-06-28 00:14:41.216;33928.2;33926.7;1.5
2023-06-28 00:14:42.816;33927.7;33926.2;1.5
2023-06-28 00:14:49.917;33926.7;33925.2;1.5
2023-06-28 00:14:57.122;33926.2;33924.7;1.5
2023-06-28 00:14:57.715;33926.7;33925.2;1.5
2023-06-28 00:14:59.415;33927.7;33926.2;1.5
2023-06-28 00:15:01.116;33926.7;33925.2;1.5
2023-06-28 00:15:04.016;33925.7;33924.2;1.5
2023-06-28 00:15:04.814;33925.2;33923.7;1.5
2023-06-28 00:15:05.920;33924.7;33923.2;1.5
2023-06-28 00:15:09.322;33923.7;33922.2;1.5
2023-06-28 00:15:13.515;33922.2;33920.7;1.5
2023-06-28 00:15:13.719;33922.7;33921.2;1.5
2023-06-28 00:15:16.715;33922.2;33920.7;1.5
2023-06-28 00:15:16.928;33921.7;33920.2;1.5
2023-06-28 00:15:20.117;33922.2;33920.7;1.5
2023-06-28 00:15:20.317;33922.7;33921.2;1.5
2023-06-28 00:15:20.615;33922.2;33920.7;1.5
2023-06-28 00:15:21.119;33921.7;33920.2;1.5
2023-06-28 00:15:34.722;33921.2;33919.7;1.5
2023-06-28 00:15:39.215;33920.7;33919.2;1.5
2023-06-28 00:15:41.617;33921.7;33920.2;1.5
2023-06-28 00:15:43.515;33921.2;33919.7;1.5
2023-06-28 00:15:44.420;33921.7;33920.2;1.5
2023-06-28 00:15:44.916;33920.7;33919.2;1.5
2023-06-28 00:15:46.217;33921.2;33919.7;1.5
2023-06-28 00:15:48.415;33920.7;33919.2;1.5
2023-06-28 00:15:57.515;33921.7;33920.2;1.5
2023-06-28 00:15:57.815;33921.2;33919.7;1.5
2023-06-28 00:15:58.216;33921.7;33920.2;1.5
2023-06-28 00:16:00.418;33921.2;33919.7;1.5
2023-06-28 00:16:01.213;33921.7;33920.2;1.5
2023-06-28 00:16:05.216;33918.7;33917.2;1.5
2023-06-28 00:16:05.918;33919.7;33918.2;1.5
2023-06-28 00:16:06.216;33919.2;33917.7;1.5
2023-06-28 00:16:06.815;33919.7;33918.2;1.5
2023-06-28 00:16:08.215;33918.7;33917.2;1.5
2023-06-28 00:16:14.017;33917.2;33915.7;1.5
2023-06-28 00:16:16.721;33916.7;33915.2;1.5
2023-06-28 00:16:17.915;33917.2;33915.7;1.5
2023-06-28 00:16:18.215;33916.7;33915.2;1.5
2023-06-28 00:16:20.317;33915.7;33914.2;1.5
2023-06-28 00:16:21.315;33916.7;33915.2;1.5
2023-06-28 00:16:25.915;33917.2;33915.7;1.5
2023-06-28 00:16:26.516;33916.7;33915.2;1.5
2023-06-28 00:16:27.415;33917.2;33915.7;1.5
2023-06-28 00:16:28.117;33917.7;33916.2;1.5
2023-06-28 00:16:30.315;33917.2;33915.7;1.5
2023-06-28 00:16:32.224;33916.7;33915.2;1.5
2023-06-28 00:16:48.916;33915.7;33914.2;1.5
2023-06-28 00:16:50.016;33916.7;33915.2;1.5
2023-06-28 00:16:50.316;33916.2;33914.7;1.5
2023-06-28 00:16:51.915;33915.7;33914.2;1.5
2023-06-28 00:16:54.413;33916.2;33914.7;1.5
2023-06-28 00:16:54.726;33915.7;33914.2;1.5
2023-06-28 00:16:56.715;33916.7;33915.2;1.5
2023-06-28 00:17:01.013;33916.2;33914.7;1.5
2023-06-28 00:17:01.215;33916.7;33915.2;1.5
2023-06-28 00:17:02.915;33917.7;33916.2;1.5
2023-06-28 00:17:06.321;33916.7;33915.2;1.5
2023-06-28 00:17:09.932;33917.7;33916.2;1.5
2023-06-28 00:17:12.921;33916.7;33915.2;1.5
2023-06-28 00:17:17.819;33917.7;33916.2;1.5
2023-06-28 00:17:23.315;33917.2;33915.7;1.5
2023-06-28 00:17:27.510;33917.7;33916.2;1.5
2023-06-28 00:17:28.918;33917.2;33915.7;1.5
2023-06-28 00:17:29.922;33916.7;33915.2;1.5
2023-06-28 00:17:34.421;33917.2;33915.7;1.5
2023-06-28 00:17:34.816;33917.7;33916.2;1.5
2023-06-28 00:17:35.415;33917.2;33915.7;1.5
2023-06-28 00:17:35.615;33917.7;33916.2;1.5
2023-06-28 00:17:36.317;33917.2;33915.7;1.5
2023-06-28 00:17:37.019;33916.7;33915.2;1.5
2023-06-28 00:17:46.522;33917.2;33915.7;1.5
2023-06-28 00:17:57.915;33916.7;33915.2;1.5
2023-06-28 00:18:00.517;33917.2;33915.7;1.5
2023-06-28 00:18:01.715;33916.7;33915.2;1.5
2023-06-28 00:18:03.819;33915.7;33914.2;1.5
2023-06-28 00:18:04.818;33916.2;33914.7;1.5
2023-06-28 00:18:08.319;33916.7;33915.2;1.5
2023-06-28 00:18:10.920;33917.2;33915.7;1.5
2023-06-28 00:18:11.517;33916.7;33915.2;1.5
2023-06-28 00:18:14.017;33916.2;33914.7;1.5
2023-06-28 00:18:15.916;33916.7;33915.2;1.5
2023-06-28 00:18:16.415;33917.2;33915.7;1.5
2023-06-28 00:18:18.006;33916.7;33915.2;1.5
2023-06-28 00:18:20.110;33917.2;33915.7;1.5
2023-06-28 00:18:21.215;33916.7;33915.2;1.5
2023-06-28 00:18:22.216;33917.2;33915.7;1.5
2023-06-28 00:18:23.417;33916.7;33915.2;1.5
2023-06-28 00:18:24.324;33917.2;33915.7;1.5
2023-06-28 00:18:26.315;33917.7;33916.2;1.5
2023-06-28 00:18:39.316;33917.2;33915.7;1.5
2023-06-28 00:18:42.327;33916.7;33915.2;1.5
2023-06-28 00:18:44.716;33917.2;33915.7;1.5
2023-06-28 00:19:02.416;33916.2;33914.7;1.5
2023-06-28 00:19:02.715;33915.7;33914.2;1.5
2023-06-28 00:19:03.516;33914.7;33913.2;1.5
2023-06-28 00:19:09.822;33915.2;33913.7;1.5
2023-06-28 00:19:10.720;33914.7;33913.2;1.5
2023-06-28 00:19:13.715;33914.2;33912.7;1.5
2023-06-28 00:19:13.915;33913.7;33912.2;1.5
2023-06-28 00:19:16.215;33914.2;33912.7;1.5
2023-06-28 00:19:17.615;33914.7;33913.2;1.5
2023-06-28 00:19:20.216;33915.2;33913.7;1.5
2023-06-28 00:19:46.916;33916.7;33915.2;1.5
2023-06-28 00:19:49.830;33916.2;33914.7;1.5
2023-06-28 00:19:52.223;33915.7;33914.2;1.5
2023-06-28 00:19:59.510;33915.2;33913.7;1.5
2023-06-28 00:19:59.824;33916.2;33914.7;1.5
2023-06-28 00:20:00.415;33915.2;33913.7;1.5
2023-06-28 00:20:01.125;33914.7;33913.2;1.5
2023-06-28 00:20:01.526;33915.2;33913.7;1.5
2023-06-28 00:20:03.318;33914.2;33912.7;1.5
2023-06-28 00:20:05.724;33913.7;33912.2;1.5
2023-06-28 00:20:09.115;33913.2;33911.7;1.5
2023-06-28 00:20:09.315;33914.2;33912.7;1.5
2023-06-28 00:20:10.219;33913.2;33911.7;1.5
2023-06-28 00:20:10.815;33914.2;33912.7;1.5
2023-06-28 00:20:12.616;33913.7;33912.2;1.5
2023-06-28 00:20:13.218;33914.7;33913.2;1.5
2023-06-28 00:20:14.523;33913.7;33912.2;1.5
2023-06-28 00:20:15.722;33914.2;33912.7;1.5
2023-06-28 00:20:17.422;33914.7;33913.2;1.5
2023-06-28 00:20:18.618;33914.2;33912.7;1.5
2023-06-28 00:20:21.517;33914.7;33913.2;1.5
2023-06-28 00:20:23.120;33914.2;33912.7;1.5
2023-06-28 00:20:26.613;33913.7;33912.2;1.5
2023-06-28 00:20:40.024;33914.2;33912.7;1.5
2023-06-28 00:20:44.424;33913.7;33912.2;1.5
2023-06-28 00:20:54.420;33914.2;33912.7;1.5
2023-06-28 00:20:55.415;33914.7;33913.2;1.5
2023-06-28 00:21:31.716;33914.2;33912.7;1.5
2023-06-28 00:21:33.416;33914.7;33913.2;1.5
2023-06-28 00:21:35.118;33915.2;33913.7;1.5
2023-06-28 00:21:36.316;33914.7;33913.2;1.5
2023-06-28 00:21:40.516;33915.7;33914.2;1.5
2023-06-28 00:21:52.116;33916.7;33915.2;1.5
2023-06-28 00:21:54.618;33917.2;33915.7;1.5
2023-06-28 00:21:55.621;33917.7;33916.2;1.5
2023-06-28 00:21:59.830;33917.2;33915.7;1.5
2023-06-28 00:22:03.429;33917.7;33916.2;1.5
2023-06-28 00:22:06.021;33918.7;33917.2;1.5
2023-06-28 00:22:36.924;33919.2;33917.7;1.5
2023-06-28 00:22:37.215;33919.7;33918.2;1.5
2023-06-28 00:22:45.719;33920.7;33919.2;1.5
2023-06-28 00:22:46.420;33919.7;33918.2;1.5
2023-06-28 00:22:50.417;33920.7;33919.2;1.5
2023-06-28 00:22:52.614;33921.2;33919.7;1.5
2023-06-28 00:22:53.020;33920.7;33919.2;1.5
2023-06-28 00:22:58.124;33920.2;33918.7;1.5
2023-06-28 00:22:58.515;33920.7;33919.2;1.5
2023-06-28 00:23:00.214;33920.2;33918.7;1.5
2023-06-28 00:23:00.416;33919.7;33918.2;1.5
2023-06-28 00:23:01.616;33920.7;33919.2;1.5
2023-06-28 00:23:06.515;33920.2;33918.7;1.5
2023-06-28 00:23:07.116;33919.7;33918.2;1.5
2023-06-28 00:23:09.623;33919.2;33917.7;1.5
2023-06-28 00:23:12.812;33918.7;33917.2;1.5
2023-06-28 00:23:48.412;33919.2;33917.7;1.5
2023-06-28 00:23:49.014;33918.7;33917.2;1.5
2023-06-28 00:23:53.116;33917.7;33916.2;1.5
2023-06-28 00:23:55.424;33918.2;33916.7;1.5
2023-06-28 00:24:03.815;33917.7;33916.2;1.5
2023-06-28 00:24:08.724;33918.7;33917.2;1.5
2023-06-28 00:24:24.319;33918.2;33916.7;1.5
2023-06-28 00:24:25.714;33917.2;33915.7;1.5
2023-06-28 00:24:26.816;33916.7;33915.2;1.5
2023-06-28 00:24:28.717;33916.2;33914.7;1.5
2023-06-28 00:24:44.415;33916.7;33915.2;1.5
2023-06-28 00:24:46.423;33916.2;33914.7;1.5
2023-06-28 00:24:47.113;33916.7;33915.2;1.5
2023-06-28 00:24:48.818;33915.7;33914.2;1.5
2023-06-28 00:24:49.329;33916.7;33915.2;1.5
2023-06-28 00:24:50.839;33916.2;33914.7;1.5
2023-06-28 00:24:52.515;33916.7;33915.2;1.5
2023-06-28 00:24:54.832;33916.2;33914.7;1.5
2023-06-28 00:24:58.016;33916.7;33915.2;1.5
2023-06-28 00:25:00.715;33917.2;33915.7;1.5
2023-06-28 00:25:01.315;33916.7;33915.2;1.5
2023-06-28 00:25:01.916;33917.2;33915.7;1.5
2023-06-28 00:25:12.221;33917.7;33916.2;1.5
2023-06-28 00:25:13.320;33916.7;33915.2;1.5
2023-06-28 00:25:17.416;33917.2;33915.7;1.5
2023-06-28 00:25:23.318;33916.7;33915.2;1.5
2023-06-28 00:25:30.623;33917.2;33915.7;1.5
2023-06-28 00:25:32.109;33916.7;33915.2;1.5
2023-06-28 00:25:39.234;33917.2;33915.7;1.5
2023-06-28 00:25:40.415;33916.7;33915.2;1.5
2023-06-28 00:25:43.213;33917.2;33915.7;1.5
2023-06-28 00:25:43.521;33916.7;33915.2;1.5
2023-06-28 00:25:44.015;33916.2;33914.7;1.5
2023-06-28 00:25:44.222;33916.7;33915.2;1.5
2023-06-28 00:25:53.116;33917.2;33915.7;1.5
2023-06-28 00:25:56.517;33916.2;33914.7;1.5
2023-06-28 00:25:56.920;33917.2;33915.7;1.5
2023-06-28 00:25:57.618;33916.7;33915.2;1.5
2023-06-28 00:26:05.615;33917.7;33916.2;1.5
2023-06-28 00:26:14.215;33917.2;33915.7;1.5
2023-06-28 00:26:16.032;33916.7;33915.2;1.5
2023-06-28 00:26:17.825;33917.2;33915.7;1.5
2023-06-28 00:26:26.715;33915.7;33914.2;1.5
2023-06-28 00:26:33.516;33916.7;33915.2;1.5
2023-06-28 00:26:36.418;33916.2;33914.7;1.5
2023-06-28 00:26:37.634;33915.7;33914.2;1.5
2023-06-28 00:26:46.415;33915.2;33913.7;1.5
2023-06-28 00:26:47.422;33914.7;33913.2;1.5
2023-06-28 00:26:48.416;33915.2;33913.7;1.5
2023-06-28 00:26:49.512;33914.7;33913.2;1.5
2023-06-28 00:26:51.921;33915.7;33914.2;1.5
2023-06-28 00:26:57.525;33916.2;33914.7;1.5
2023-06-28 00:26:57.903;33915.7;33914.2;1.5
2023-06-28 00:26:58.114;33916.2;33914.7;1.5
2023-06-28 00:26:58.616;33915.7;33914.2;1.5
2023-06-28 00:27:09.528;33915.2;33913.7;1.5
2023-06-28 00:27:10.021;33914.7;33913.2;1.5
2023-06-28 00:27:12.519;33915.2;33913.7;1.5
2023-06-28 00:27:14.715;33915.7;33914.2;1.5
2023-06-28 00:27:26.228;33916.2;33914.7;1.5
2023-06-28 00:27:27.629;33915.7;33914.2;1.5
2023-06-28 00:27:28.025;33915.2;33913.7;1.5
2023-06-28 00:27:30.516;33914.7;33913.2;1.5
2023-06-28 00:27:34.115;33915.7;33914.2;1.5
2023-06-28 00:27:35.019;33916.2;33914.7;1.5
2023-06-28 00:27:35.618;33915.7;33914.2;1.5
2023-06-28 00:27:43.215;33914.7;33913.2;1.5
2023-06-28 00:27:43.516;33915.2;33913.7;1.5
2023-06-28 00:27:43.813;33914.7;33913.2;1.5
2023-06-28 00:28:01.528;33915.7;33914.2;1.5
2023-06-28 00:28:04.417;33914.7;33913.2;1.5
2023-06-28 00:28:08.113;33915.7;33914.2;1.5
2023-06-28 00:28:38.718;33915.2;33913.7;1.5
2023-06-28 00:28:50.220;33914.7;33913.2;1.5
2023-06-28 00:29:07.415;33915.7;33914.2;1.5
2023-06-28 00:29:11.123;33916.2;33914.7;1.5
2023-06-28 00:29:11.914;33915.7;33914.2;1.5
2023-06-28 00:29:50.717;33914.7;33913.2;1.5
2023-06-28 00:30:02.515;33913.7;33912.2;1.5
2023-06-28 00:30:09.317;33912.2;33910.7;1.5
2023-06-28 00:30:10.415;33912.7;33911.2;1.5
2023-06-28 00:30:13.106;33913.2;33911.7;1.5
2023-06-28 00:30:13.914;33912.7;33911.2;1.5
2023-06-28 00:30:16.720;33913.7;33912.2;1.5
2023-06-28 00:30:55.515;33913.2;33911.7;1.5
2023-06-28 00:30:55.720;33912.7;33911.2;1.5
2023-06-28 00:30:59.915;33913.2;33911.7;1.5
2023-06-28 00:31:00.415;33913.7;33912.2;1.5
2023-06-28 00:31:00.816;33912.7;33911.2;1.5
2023-06-28 00:31:05.815;33913.7;33912.2;1.5
2023-06-28 00:31:16.218;33914.7;33913.2;1.5
2023-06-28 00:31:28.714;33915.2;33913.7;1.5
2023-06-28 00:31:41.417;33914.7;33913.2;1.5
2023-06-28 00:32:00.318;33913.2;33911.7;1.5
2023-06-28 00:32:02.217;33912.7;33911.2;1.5
2023-06-28 00:32:02.815;33911.7;33910.2;1.5
2023-06-28 00:32:14.219;33910.7;33909.2;1.5
2023-06-28 00:32:20.026;33909.2;33907.7;1.5
2023-06-28 00:32:21.424;33909.7;33908.2;1.5
2023-06-28 00:32:22.719;33910.7;33909.2;1.5
2023-06-28 00:32:23.115;33910.2;33908.7;1.5
2023-06-28 00:32:24.716;33908.7;33907.2;1.5
2023-06-28 00:32:25.120;33909.2;33907.7;1.5
2023-06-28 00:32:25.418;33908.7;33907.2;1.5
2023-06-28 00:32:27.315;33907.7;33906.2;1.5
2023-06-28 00:32:29.715;33908.7;33907.2;1.5
2023-06-28 00:32:31.916;33907.7;33906.2;1.5
2023-06-28 00:32:35.617;33905.7;33904.2;1.5
2023-06-28 00:32:36.615;33904.7;33903.2;1.5
2023-06-28 00:32:37.715;33905.2;33903.7;1.5
2023-06-28 00:32:40.107;33905.7;33904.2;1.5
2023-06-28 00:32:40.615;33906.7;33905.2;1.5
2023-06-28 00:32:44.816;33907.7;33906.2;1.5
2023-06-28 00:32:45.415;33906.7;33905.2;1.5
2023-06-28 00:32:48.715;33905.7;33904.2;1.5
2023-06-28 00:32:49.119;33906.2;33904.7;1.5
2023-06-28 00:32:49.622;33905.7;33904.2;1.5
2023-06-28 00:32:52.930;33906.2;33904.7;1.5
2023-06-28 00:33:01.314;33905.7;33904.2;1.5
2023-06-28 00:33:03.815;33906.2;33904.7;1.5
2023-06-28 00:33:04.015;33906.7;33905.2;1.5
2023-06-28 00:33:04.423;33906.2;33904.7;1.5
2023-06-28 00:33:08.515;33906.7;33905.2;1.5
2023-06-28 00:33:15.008;33908.2;33906.7;1.5
2023-06-28 00:33:15.518;33908.7;33907.2;1.5
2023-06-28 00:33:43.928;33909.7;33908.2;1.5
2023-06-28 00:33:49.614;33910.7;33909.2;1.5
2023-06-28 00:33:50.914;33911.7;33910.2;1.5
2023-06-28 00:33:53.316;33910.7;33909.2;1.5
2023-06-28 00:34:00.521;33911.2;33909.7;1.5
2023-06-28 00:34:01.617;33911.7;33910.2;1.5
2023-06-28 00:34:01.916;33911.2;33909.7;1.5
2023-06-28 00:34:04.320;33911.7;33910.2;1.5
2023-06-28 00:34:05.717;33911.2;33909.7;1.5
2023-06-28 00:34:08.615;33910.7;33909.2;1.5
2023-06-28 00:34:18.320;33910.2;33908.7;1.5
2023-06-28 00:34:19.216;33909.7;33908.2;1.5
2023-06-28 00:34:20.031;33910.7;33909.2;1.5
2023-06-28 00:34:20.915;33909.7;33908.2;1.5
2023-06-28 00:34:21.314;33910.7;33909.2;1.5
2023-06-28 00:34:22.017;33909.7;33908.2;1.5
2023-06-28 00:34:23.719;33910.2;33908.7;1.5
2023-06-28 00:34:25.226;33910.7;33909.2;1.5
2023-06-28 00:34:52.619;33911.7;33910.2;1.5
2023-06-28 00:34:57.318;33912.2;33910.7;1.5
2023-06-28 00:34:58.014;33912.7;33911.2;1.5
2023-06-28 00:34:58.415;33913.2;33911.7;1.5
2023-06-28 00:34:59.015;33912.7;33911.2;1.5
2023-06-28 00:35:01.015;33913.2;33911.7;1.5
2023-06-28 00:35:02.315;33913.7;33912.2;1.5
2023-06-28 00:35:08.514;33913.2;33911.7;1.5
2023-06-28 00:35:08.715;33913.7;33912.2;1.5
2023-06-28 00:35:23.525;33913.2;33911.7;1.5
2023-06-28 00:35:24.107;33913.7;33912.2;1.5
2023-06-28 00:35:34.119;33913.2;33911.7;1.5
2023-06-28 00:35:34.821;33913.7;33912.2;1.5
2023-06-28 00:35:35.915;33912.7;33911.2;1.5
2023-06-28 00:35:40.117;33913.2;33911.7;1.5
2023-06-28 00:35:40.917;33912.7;33911.2;1.5
2023-06-28 00:35:43.218;33913.2;33911.7;1.5
2023-06-28 00:35:44.418;33913.7;33912.2;1.5
2023-06-28 00:35:48.919;33913.2;33911.7;1.5
2023-06-28 00:35:49.216;33912.7;33911.2;1.5
2023-06-28 00:35:53.114;33913.2;33911.7;1.5
2023-06-28 00:35:54.318;33913.7;33912.2;1.5
2023-06-28 00:35:59.533;33914.7;33913.2;1.5
2023-06-28 00:36:00.417;33913.7;33912.2;1.5
2023-06-28 00:36:02.812;33914.7;33913.2;1.5
2023-06-28 00:36:04.223;33913.2;33911.7;1.5
2023-06-28 00:36:07.421;33913.7;33912.2;1.5
2023-06-28 00:36:08.522;33912.7;33911.2;1.5
2023-06-28 00:36:09.117;33913.7;33912.2;1.5
2023-06-28 00:36:19.215;33912.7;33911.2;1.5
2023-06-28 00:36:21.516;33913.2;33911.7;1.5
2023-06-28 00:36:22.417;33912.7;33911.2;1.5
2023-06-28 00:36:22.717;33913.2;33911.7;1.5
2023-06-28 00:36:24.622;33912.7;33911.2;1.5
2023-06-28 00:36:25.523;33913.2;33911.7;1.5
2023-06-28 00:36:26.914;33912.7;33911.2;1.5
2023-06-28 00:36:27.115;33913.2;33911.7;1.5
2023-06-28 00:36:28.115;33912.7;33911.2;1.5
2023-06-28 00:36:28.419;33913.2;33911.7;1.5
2023-06-28 00:36:28.913;33912.7;33911.2;1.5
2023-06-28 00:36:32.920;33913.2;33911.7;1.5
2023-06-28 00:36:36.115;33912.7;33911.2;1.5
2023-06-28 00:36:39.018;33913.2;33911.7;1.5
2023-06-28 00:36:39.723;33912.7;33911.2;1.5
2023-06-28 00:36:40.112;33913.2;33911.7;1.5
2023-06-28 00:36:40.517;33912.7;33911.2;1.5
2023-06-28 00:36:42.517;33913.2;33911.7;1.5
2023-06-28 00:36:47.014;33913.7;33912.2;1.5
2023-06-28 00:36:47.218;33912.7;33911.2;1.5
2023-06-28 00:36:52.715;33911.7;33910.2;1.5
2023-06-28 00:36:53.415;33910.7;33909.2;1.5
2023-06-28 00:36:54.916;33911.2;33909.7;1.5
2023-06-28 00:36:58.604;33910.7;33909.2;1.5
2023-06-28 00:36:58.914;33911.7;33910.2;1.5
2023-06-28 00:37:04.414;33910.7;33909.2;1.5
2023-06-28 00:37:04.617;33911.2;33909.7;1.5
2023-06-28 00:37:04.922;33912.2;33910.7;1.5
2023-06-28 00:37:05.827;33911.7;33910.2;1.5
2023-06-28 00:37:17.919;33912.2;33910.7;1.5
2023-06-28 00:37:19.819;33911.7;33910.2;1.5
2023-06-28 00:37:21.315;33912.2;33910.7;1.5
2023-06-28 00:37:21.516;33912.7;33911.2;1.5
2023-06-28 00:37:33.915;33913.2;33911.7;1.5
2023-06-28 00:37:36.622;33913.7;33912.2;1.5
2023-06-28 00:37:37.316;33913.2;33911.7;1.5
2023-06-28 00:37:38.516;33912.7;33911.2;1.5
2023-06-28 00:37:49.318;33913.2;33911.7;1.5
2023-06-28 00:37:52.715;33912.7;33911.2;1.5
2023-06-28 00:38:00.517;33913.2;33911.7;1.5
2023-06-28 00:38:01.015;33912.7;33911.2;1.5
2023-06-28 00:38:20.511;33912.2;33910.7;1.5
2023-06-28 00:38:25.718;33911.7;33910.2;1.5
2023-06-28 00:38:26.507;33912.2;33910.7;1.5
2023-06-28 00:38:34.819;33911.7;33910.2;1.5
2023-06-28 00:38:41.315;33911.2;33909.7;1.5
2023-06-28 00:38:43.019;33911.7;33910.2;1.5
2023-06-28 00:38:46.610;33912.2;33910.7;1.5
2023-06-28 00:38:47.917;33912.7;33911.2;1.5
2023-06-28 00:38:49.617;33911.7;33910.2;1.5
2023-06-28 00:38:57.023;33912.2;33910.7;1.5
2023-06-28 00:38:57.525;33911.7;33910.2;1.5
2023-06-28 00:39:00.008;33912.2;33910.7;1.5
2023-06-28 00:39:02.216;33912.7;33911.2;1.5
2023-06-28 00:39:05.724;33912.2;33910.7;1.5
2023-06-28 00:39:09.324;33911.7;33910.2;1.5
2023-06-28 00:39:30.416;33911.2;33909.7;1.5
2023-06-28 00:39:30.716;33909.7;33908.2;1.5
2023-06-28 00:39:32.216;33910.2;33908.7;1.5
2023-06-28 00:39:34.721;33910.7;33909.2;1.5
2023-06-28 00:39:40.216;33910.2;33908.7;1.5
2023-06-28 00:39:43.217;33909.2;33907.7;1.5
2023-06-28 00:39:47.219;33908.7;33907.2;1.5
2023-06-28 00:39:50.917;33907.7;33906.2;1.5
2023-06-28 00:39:51.624;33908.2;33906.7;1.5
2023-06-28 00:39:51.927;33907.7;33906.2;1.5
2023-06-28 00:39:54.718;33906.7;33905.2;1.5
2023-06-28 00:40:03.019;33907.7;33906.2;1.5
2023-06-28 00:40:04.816;33906.7;33905.2;1.5
2023-06-28 00:40:06.415;33906.2;33904.7;1.5
2023-06-28 00:40:07.616;33906.7;33905.2;1.5
2023-06-28 00:40:07.920;33907.2;33905.7;1.5
2023-06-28 00:40:08.718;33907.7;33906.2;1.5
2023-06-28 00:40:10.316;33908.2;33906.7;1.5
2023-06-28 00:40:10.616;33908.7;33907.2;1.5
2023-06-28 00:40:11.026;33908.2;33906.7;1.5
2023-06-28 00:40:11.416;33908.7;33907.2;1.5
2023-06-28 00:40:16.919;33909.2;33907.7;1.5
2023-06-28 00:40:17.218;33908.7;33907.2;1.5
2023-06-28 00:40:22.723;33908.2;33906.7;1.5
2023-06-28 00:40:23.201;33908.7;33907.2;1.5
2023-06-28 00:40:42.815;33907.7;33906.2;1.5
2023-06-28 00:40:55.315;33907.2;33905.7;1.5
2023-06-28 00:40:58.316;33907.7;33906.2;1.5
2023-06-28 00:40:58.617;33907.2;33905.7;1.5
2023-06-28 00:40:59.417;33906.7;33905.2;1.5
2023-06-28 00:41:01.516;33907.2;33905.7;1.5
2023-06-28 00:41:02.120;33906.7;33905.2;1.5
2023-06-28 00:41:06.415;33907.2;33905.7;1.5
2023-06-28 00:41:13.228;33907.7;33906.2;1.5
2023-06-28 00:41:16.315;33906.2;33904.7;1.5
2023-06-28 00:41:20.418;33905.7;33904.2;1.5
2023-06-28 00:41:28.717;33906.2;33904.7;1.5
2023-06-28 00:41:30.424;33905.7;33904.2;1.5
2023-06-28 00:41:35.518;33905.2;33903.7;1.5
2023-06-28 00:41:36.031;33905.7;33904.2;1.5
2023-06-28 00:41:40.819;33905.2;33903.7;1.5
2023-06-28 00:41:42.118;33903.7;33902.2;1.5
2023-06-28 00:41:43.526;33904.7;33903.2;1.5
2023-06-28 00:41:45.315;33904.2;33902.7;1.5
2023-06-28 00:41:47.915;33903.7;33902.2;1.5
2023-06-28 00:41:53.017;33903.2;33901.7;1.5
2023-06-28 00:41:57.219;33902.7;33901.2;1.5
2023-06-28 00:42:00.617;33903.2;33901.7;1.5
2023-06-28 00:42:01.115;33904.2;33902.7;1.5
2023-06-28 00:42:01.721;33905.2;33903.7;1.5
2023-06-28 00:42:05.615;33905.7;33904.2;1.5
2023-06-28 00:42:08.215;33906.7;33905.2;1.5
2023-06-28 00:42:18.323;33907.2;33905.7;1.5
2023-06-28 00:42:20.318;33906.7;33905.2;1.5
2023-06-28 00:42:25.428;33907.2;33905.7;1.5
2023-06-28 00:42:26.022;33906.7;33905.2;1.5
2023-06-28 00:42:32.718;33905.7;33904.2;1.5
2023-06-28 00:42:36.219;33905.2;33903.7;1.5
2023-06-28 00:42:37.915;33906.7;33905.2;1.5
2023-06-28 00:42:38.225;33906.2;33904.7;1.5
2023-06-28 00:42:39.620;33906.7;33905.2;1.5
2023-06-28 00:42:48.616;33905.7;33904.2;1.5
2023-06-28 00:42:54.124;33905.2;33903.7;1.5
2023-06-28 00:42:55.316;33905.7;33904.2;1.5
2023-06-28 00:42:57.016;33905.2;33903.7;1.5
2023-06-28 00:42:59.820;33905.7;33904.2;1.5
2023-06-28 00:43:08.116;33906.2;33904.7;1.5
2023-06-28 00:43:12.617;33906.7;33905.2;1.5
2023-06-28 00:43:31.715;33907.2;33905.7;1.5
2023-06-28 00:43:32.317;33907.7;33906.2;1.5
2023-06-28 00:43:45.616;33906.7;33905.2;1.5
2023-06-28 00:43:48.028;33907.7;33906.2;1.5
2023-06-28 00:43:58.024;33908.7;33907.2;1.5
2023-06-28 00:44:01.315;33907.7;33906.2;1.5
2023-06-28 00:44:06.316;33906.7;33905.2;1.5
2023-06-28 00:44:18.816;33907.2;33905.7;1.5
2023-06-28 00:44:20.116;33907.7;33906.2;1.5
2023-06-28 00:44:20.616;33908.2;33906.7;1.5
2023-06-28 00:44:22.222;33908.7;33907.2;1.5
2023-06-28 00:44:39.019;33909.2;33907.7;1.5
2023-06-28 00:44:39.861;33908.7;33907.2;1.5
2023-06-28 00:44:44.412;33908.2;33906.7;1.5
2023-06-28 00:44:51.617;33908.7;33907.2;1.5
2023-06-28 00:44:56.416;33907.7;33906.2;1.5
2023-06-28 00:45:00.819;33908.7;33907.2;1.5
2023-06-28 00:45:01.825;33907.7;33906.2;1.5
2023-06-28 00:45:24.728;33906.7;33905.2;1.5
2023-06-28 00:45:32.433;33907.2;33905.7;1.5
2023-06-28 00:45:34.515;33906.7;33905.2;1.5
2023-06-28 00:45:41.219;33907.2;33905.7;1.5
2023-06-28 00:45:44.421;33907.7;33906.2;1.5
2023-06-28 00:45:46.015;33908.7;33907.2;1.5
2023-06-28 00:45:59.918;33907.7;33906.2;1.5
2023-06-28 00:46:01.222;33908.2;33906.7;1.5
2023-06-28 00:46:04.124;33908.7;33907.2;1.5
2023-06-28 00:46:06.217;33909.2;33907.7;1.5
2023-06-28 00:46:07.622;33908.7;33907.2;1.5
2023-06-28 00:46:08.615;33908.2;33906.7;1.5
2023-06-28 00:46:17.216;33908.7;33907.2;1.5
2023-06-28 00:46:36.915;33909.2;33907.7;1.5
2023-06-28 00:46:37.520;33908.7;33907.2;1.5
2023-06-28 00:46:43.116;33909.2;33907.7;1.5
2023-06-28 00:46:43.916;33909.7;33908.2;1.5
2023-06-28 00:46:51.315;33909.2;33907.7;1.5
2023-06-28 00:46:52.231;33909.7;33908.2;1.5
2023-06-28 00:46:57.021;33910.7;33909.2;1.5
2023-06-28 00:46:57.715;33911.7;33910.2;1.5
2023-06-28 00:46:58.619;33911.2;33909.7;1.5
2023-06-28 00:47:02.023;33910.7;33909.2;1.5
2023-06-28 00:47:13.022;33910.2;33908.7;1.5
2023-06-28 00:47:13.524;33909.7;33908.2;1.5
2023-06-28 00:47:13.912;33910.7;33909.2;1.5
2023-06-28 00:47:19.219;33910.2;33908.7;1.5
2023-06-28 00:47:26.718;33909.7;33908.2;1.5
2023-06-28 00:47:32.918;33910.7;33909.2;1.5
2023-06-28 00:47:34.415;33910.2;33908.7;1.5
2023-06-28 00:47:37.915;33909.7;33908.2;1.5
2023-06-28 00:47:42.922;33909.2;33907.7;1.5
2023-06-28 00:47:43.522;33909.7;33908.2;1.5
2023-06-28 00:47:45.424;33910.2;33908.7;1.5
2023-06-28 00:47:48.296;33909.7;33908.2;1.5
2023-06-28 00:47:49.421;33909.2;33907.7;1.5
2023-06-28 00:47:51.725;33908.7;33907.2;1.5
2023-06-28 00:48:01.221;33909.7;33908.2;1.5
2023-06-28 00:48:02.519;33908.7;33907.2;1.5
2023-06-28 00:48:11.608;33909.2;33907.7;1.5
2023-06-28 00:48:12.119;33908.7;33907.2;1.5
2023-06-28 00:48:23.513;33909.2;33907.7;1.5
2023-06-28 00:48:24.917;33909.7;33908.2;1.5
2023-06-28 00:48:26.016;33910.2;33908.7;1.5
2023-06-28 00:48:27.716;33909.7;33908.2;1.5
2023-06-28 00:48:27.919;33910.2;33908.7;1.5
2023-06-28 00:48:35.016;33910.7;33909.2;1.5
2023-06-28 00:48:46.417;33909.7;33908.2;1.5
2023-06-28 00:48:49.225;33910.7;33909.2;1.5
2023-06-28 00:48:52.122;33911.2;33909.7;1.5
2023-06-28 00:49:01.717;33912.2;33910.7;1.5
2023-06-28 00:49:02.526;33912.7;33911.2;1.5
2023-06-28 00:49:17.016;33912.2;33910.7;1.5
2023-06-28 00:49:21.715;33912.7;33911.2;1.5
2023-06-28 00:49:32.815;33913.2;33911.7;1.5
2023-06-28 00:49:35.233;33912.7;33911.2;1.5
2023-06-28 00:49:48.325;33913.2;33911.7;1.5
2023-06-28 00:49:49.016;33913.7;33912.2;1.5
2023-06-28 00:49:49.426;33913.2;33911.7;1.5
2023-06-28 00:49:59.119;33912.7;33911.2;1.5
2023-06-28 00:50:03.519;33912.2;33910.7;1.5
2023-06-28 00:50:05.116;33909.7;33908.2;1.5
2023-06-28 00:50:13.116;33910.2;33908.7;1.5
2023-06-28 00:50:17.220;33909.7;33908.2;1.5
2023-06-28 00:50:20.122;33910.7;33909.2;1.5
2023-06-28 00:50:33.538;33911.7;33910.2;1.5
2023-06-28 00:50:37.419;33912.6;33911.1;1.5
2023-06-28 00:50:49.816;33911.6;33910.1;1.5
2023-06-28 00:51:05.921;33912.6;33911.1;1.5
2023-06-28 00:51:22.717;33911.6;33910.1;1.5
2023-06-28 00:51:28.915;33912.6;33911.1;1.5
2023-06-28 00:51:31.617;33911.6;33910.1;1.5
2023-06-28 00:51:43.317;33910.6;33909.1;1.5
2023-06-28 00:52:05.023;33910.1;33908.6;1.5
2023-06-28 00:52:05.623;33910.6;33909.1;1.5
2023-06-28 00:52:10.619;33911.6;33910.1;1.5
2023-06-28 00:52:10.817;33912.1;33910.6;1.5
2023-06-28 00:52:13.319;33911.6;33910.1;1.5
2023-06-28 00:52:15.212;33912.6;33911.1;1.5
2023-06-28 00:52:27.216;33911.6;33910.1;1.5
2023-06-28 00:52:30.117;33912.6;33911.1;1.5
2023-06-28 00:52:32.216;33911.1;33909.6;1.5
2023-06-28 00:52:42.017;33911.6;33910.1;1.5
2023-06-28 00:52:56.516;33912.1;33910.6;1.5
2023-06-28 00:52:58.024;33911.6;33910.1;1.5
2023-06-28 00:53:02.121;33911.1;33909.6;1.5
2023-06-28 00:53:08.921;33911.6;33910.1;1.5
2023-06-28 00:53:09.915;33912.1;33910.6;1.5
2023-06-28 00:53:20.520;33912.6;33911.1;1.5
2023-06-28 00:53:23.119;33912.1;33910.6;1.5
2023-06-28 00:53:27.301;33912.6;33911.1;1.5
2023-06-28 00:53:34.015;33913.6;33912.1;1.5
2023-06-28 00:53:43.234;33912.6;33911.1;1.5
2023-06-28 00:53:50.308;33913.1;33911.6;1.5
2023-06-28 00:53:51.117;33912.6;33911.1;1.5
2023-06-28 00:53:52.116;33913.1;33911.6;1.5
2023-06-28 00:53:59.517;33912.6;33911.1;1.5
2023-06-28 00:54:08.616;33913.1;33911.6;1.5
2023-06-28 00:54:09.306;33912.6;33911.1;1.5
2023-06-28 00:54:09.721;33913.1;33911.6;1.5
2023-06-28 00:54:10.111;33912.6;33911.1;1.5
2023-06-28 00:54:11.316;33913.1;33911.6;1.5
2023-06-28 00:54:12.516;33912.6;33911.1;1.5
2023-06-28 00:54:23.621;33912.1;33910.6;1.5
2023-06-28 00:54:27.015;33913.1;33911.6;1.5
2023-06-28 00:54:27.316;33912.6;33911.1;1.5
2023-06-28 00:54:56.317;33911.1;33909.6;1.5
2023-06-28 00:55:01.319;33910.6;33909.1;1.5
2023-06-28 00:55:02.516;33911.1;33909.6;1.5
2023-06-28 00:55:03.316;33911.6;33910.1;1.5
2023-06-28 00:55:24.817;33911.1;33909.6;1.5
2023-06-28 00:55:25.615;33911.6;33910.1;1.5
2023-06-28 00:55:36.716;33911.1;33909.6;1.5
2023-06-28 00:55:37.320;33911.6;33910.1;1.5
2023-06-28 00:55:42.739;33910.6;33909.1;1.5
2023-06-28 00:55:47.317;33911.1;33909.6;1.5
2023-06-28 00:55:51.319;33911.6;33910.1;1.5
2023-06-28 00:55:56.320;33912.1;33910.6;1.5
2023-06-28 00:55:56.626;33912.6;33911.1;1.5
2023-06-28 00:56:00.417;33912.1;33910.6;1.5
2023-06-28 00:56:04.019;33911.1;33909.6;1.5
2023-06-28 00:56:04.415;33911.6;33910.1;1.5
2023-06-28 00:56:06.317;33910.6;33909.1;1.5
2023-06-28 00:56:06.924;33911.1;33909.6;1.5
2023-06-28 00:56:10.011;33911.6;33910.1;1.5
2023-06-28 00:56:40.216;33910.6;33909.1;1.5
2023-06-28 00:56:41.217;33911.6;33910.1;1.5
2023-06-28 00:57:34.517;33914.6;33913.1;1.5
2023-06-28 00:57:41.621;33915.1;33913.6;1.5
2023-06-28 00:57:44.219;33914.6;33913.1;1.5
2023-06-28 00:58:00.318;33915.6;33914.1;1.5
2023-06-28 00:58:11.416;33914.6;33913.1;1.5
2023-06-28 00:58:33.316;33913.6;33912.1;1.5
2023-06-28 00:58:34.718;33914.1;33912.6;1.5
2023-06-28 00:58:35.216;33914.6;33913.1;1.5
2023-06-28 00:58:52.617;33915.1;33913.6;1.5
2023-06-28 00:58:55.415;33915.6;33914.1;1.5
2023-06-28 00:59:39.216;33914.6;33913.1;1.5
2023-06-28 01:00:00.529;33915.6;33914.1;1.5
2023-06-28 01:00:02.122;33914.6;33913.1;1.5
2023-06-28 01:00:03.819;33913.6;33912.1;1.5
2023-06-28 01:00:10.217;33914.6;33913.1;1.5
2023-06-28 01:00:12.018;33913.6;33912.1;1.5
2023-06-28 01:00:12.416;33914.6;33913.1;1.5
2023-06-28 01:00:27.215;33915.1;33913.6;1.5
2023-06-28 01:00:28.019;33915.6;33914.1;1.5
2023-06-28 01:00:37.316;33914.6;33913.1;1.5
2023-06-28 01:00:56.216;33913.6;33912.1;1.5
2023-06-28 01:00:58.415;33914.6;33913.1;1.5
2023-06-28 01:01:01.022;33915.1;33913.6;1.5
2023-06-28 01:01:04.716;33916.6;33915.1;1.5
2023-06-28 01:01:14.717;33917.1;33915.6;1.5
2023-06-28 01:01:15.016;33916.6;33915.1;1.5
2023-06-28 01:01:24.118;33917.6;33916.1;1.5
2023-06-28 01:01:37.722;33918.1;33916.6;1.5
2023-06-28 01:01:40.520;33917.1;33915.6;1.5
2023-06-28 01:01:41.821;33917.6;33916.1;1.5
2023-06-28 01:01:46.118;33917.1;33915.6;1.5
2023-06-28 01:01:46.526;33917.6;33916.1;1.5
2023-06-28 01:01:46.831;33917.1;33915.6;1.5
2023-06-28 01:01:47.123;33917.6;33916.1;1.5
2023-06-28 01:01:49.216;33917.1;33915.6;1.5
2023-06-28 01:01:51.111;33916.6;33915.1;1.5
2023-06-28 01:01:52.516;33917.6;33916.1;1.5
2023-06-28 01:01:55.222;33918.1;33916.6;1.5
2023-06-28 01:01:59.124;33917.6;33916.1;1.5
2023-06-28 01:02:02.516;33917.1;33915.6;1.5
2023-06-28 01:02:02.717;33916.6;33915.1;1.5
2023-06-28 01:02:03.619;33915.6;33914.1;1.5
2023-06-28 01:02:13.816;33916.6;33915.1;1.5
2023-06-28 01:02:23.425;33917.1;33915.6;1.5
2023-06-28 01:02:28.515;33917.6;33916.1;1.5
2023-06-28 01:02:30.317;33918.1;33916.6;1.5
2023-06-28 01:02:34.223;33918.6;33917.1;1.5
2023-06-28 01:02:36.321;33919.1;33917.6;1.5
2023-06-28 01:02:37.222;33918.6;33917.1;1.5
2023-06-28 01:02:43.615;33919.6;33918.1;1.5
2023-06-28 01:02:50.737;33920.1;33918.6;1.5
2023-06-28 01:02:51.022;33919.6;33918.1;1.5
2023-06-28 01:02:51.717;33920.1;33918.6;1.5
2023-06-28 01:02:52.619;33920.6;33919.1;1.5
2023-06-28 01:02:59.210;33921.6;33920.1;1.5
2023-06-28 01:03:18.123;33922.6;33921.1;1.5
2023-06-28 01:03:22.717;33922.1;33920.6;1.5
2023-06-28 01:03:26.617;33921.1;33919.6;1.5
2023-06-28 01:03:26.816;33921.6;33920.1;1.5
2023-06-28 01:03:27.415;33921.1;33919.6;1.5
2023-06-28 01:03:42.915;33922.1;33920.6;1.5
2023-06-28 01:03:43.115;33922.6;33921.1;1.5
2023-06-28 01:03:44.117;33922.1;33920.6;1.5
2023-06-28 01:03:44.819;33922.6;33921.1;1.5
2023-06-28 01:03:45.226;33922.1;33920.6;1.5
2023-06-28 01:03:46.316;33922.6;33921.1;1.5
2023-06-28 01:03:57.014;33922.1;33920.6;1.5
2023-06-28 01:04:00.518;33921.6;33920.1;1.5
2023-06-28 01:04:00.816;33920.6;33919.1;1.5
2023-06-28 01:04:03.615;33920.1;33918.6;1.5
2023-06-28 01:04:04.216;33919.6;33918.1;1.5
2023-06-28 01:04:08.012;33920.1;33918.6;1.5
2023-06-28 01:04:11.420;33919.6;33918.1;1.5
2023-06-28 01:04:21.816;33920.6;33919.1;1.5
2023-06-28 01:04:22.716;33920.1;33918.6;1.5
2023-06-28 01:04:24.320;33920.6;33919.1;1.5
2023-06-28 01:04:36.316;33919.6;33918.1;1.5
2023-06-28 01:04:37.315;33920.6;33919.1;1.5
2023-06-28 01:04:37.520;33919.6;33918.1;1.5
2023-06-28 01:04:41.824;33920.6;33919.1;1.5
2023-06-28 01:04:44.606;33919.6;33918.1;1.5
2023-06-28 01:04:46.919;33920.6;33919.1;1.5
2023-06-28 01:04:47.521;33920.1;33918.6;1.5
2023-06-28 01:04:48.427;33919.6;33918.1;1.5
2023-06-28 01:04:50.014;33920.1;33918.6;1.5
2023-06-28 01:04:50.819;33919.6;33918.1;1.5
2023-06-28 01:04:54.420;33920.1;33918.6;1.5
2023-06-28 01:04:54.918;33919.6;33918.1;1.5
2023-06-28 01:05:01.316;33920.1;33918.6;1.5
2023-06-28 01:05:01.816;33920.6;33919.1;1.5
2023-06-28 01:05:02.019;33920.1;33918.6;1.5
2023-06-28 01:05:05.818;33919.6;33918.1;1.5
2023-06-28 01:05:21.216;33919.1;33917.6;1.5
2023-06-28 01:05:23.616;33919.6;33918.1;1.5
2023-06-28 01:05:30.317;33918.6;33917.1;1.5
2023-06-28 01:05:33.617;33919.1;33917.6;1.5
2023-06-28 01:05:36.422;33919.6;33918.1;1.5
2023-06-28 01:05:37.926;33919.1;33917.6;1.5
2023-06-28 01:05:52.737;33918.6;33917.1;1.5
2023-06-28 01:05:54.225;33917.1;33915.6;1.5
2023-06-28 01:05:54.920;33917.6;33916.1;1.5
2023-06-28 01:06:01.816;33917.1;33915.6;1.5
2023-06-28 01:06:02.116;33917.6;33916.1;1.5
2023-06-28 01:06:02.817;33917.1;33915.6;1.5
2023-06-28 01:06:03.615;33917.6;33916.1;1.5
2023-06-28 01:06:07.920;33917.1;33915.6;1.5
2023-06-28 01:06:08.318;33917.6;33916.1;1.5
2023-06-28 01:06:08.816;33917.1;33915.6;1.5
2023-06-28 01:06:13.416;33917.6;33916.1;1.5
2023-06-28 01:06:21.933;33917.1;33915.6;1.5
2023-06-28 01:06:23.713;33916.6;33915.1;1.5
2023-06-28 01:06:25.727;33917.6;33916.1;1.5
2023-06-28 01:06:34.817;33917.1;33915.6;1.5
2023-06-28 01:06:42.816;33916.6;33915.1;1.5
2023-06-28 01:06:48.023;33917.6;33916.1;1.5
2023-06-28 01:06:48.832;33917.1;33915.6;1.5
2023-06-28 01:06:49.118;33916.6;33915.1;1.5
2023-06-28 01:06:49.918;33917.1;33915.6;1.5
2023-06-28 01:06:50.407;33916.6;33915.1;1.5
2023-06-28 01:06:59.716;33916.1;33914.6;1.5
2023-06-28 01:07:00.324;33916.6;33915.1;1.5
2023-06-28 01:07:01.421;33917.1;33915.6;1.5
2023-06-28 01:07:03.016;33917.6;33916.1;1.5
2023-06-28 01:07:05.216;33917.1;33915.6;1.5
2023-06-28 01:07:07.020;33916.6;33915.1;1.5
2023-06-28 01:07:36.005;33916.1;33914.6;1.5
2023-06-28 01:07:42.015;33915.6;33914.1;1.5
2023-06-28 01:08:00.520;33915.1;33913.6;1.5
2023-06-28 01:08:07.416;33914.6;33913.1;1.5
2023-06-28 01:08:11.621;33914.1;33912.6;1.5
2023-06-28 01:08:12.817;33914.6;33913.1;1.5
2023-06-28 01:08:14.715;33914.1;33912.6;1.5
2023-06-28 01:08:15.017;33914.6;33913.1;1.5
2023-06-28 01:08:16.015;33914.1;33912.6;1.5
2023-06-28 01:08:16.620;33913.6;33912.1;1.5
2023-06-28 01:08:21.316;33914.1;33912.6;1.5
2023-06-28 01:08:24.125;33914.6;33913.1;1.5
2023-06-28 01:08:31.111;33915.1;33913.6;1.5
2023-06-28 01:08:44.016;33914.6;33913.1;1.5
2023-06-28 01:09:34.216;33914.1;33912.6;1.5
2023-06-28 01:09:35.415;33913.6;33912.1;1.5
2023-06-28 01:09:40.818;33914.1;33912.6;1.5
2023-06-28 01:09:42.516;33913.6;33912.1;1.5
2023-06-28 01:09:54.516;33914.1;33912.6;1.5
2023-06-28 01:09:56.415;33914.6;33913.1;1.5
2023-06-28 01:10:04.619;33913.6;33912.1;1.5
2023-06-28 01:10:14.416;33914.1;33912.6;1.5
2023-06-28 01:10:21.717;33913.6;33912.1;1.5
2023-06-28 01:10:29.315;33914.1;33912.6;1.5
2023-06-28 01:10:37.416;33914.6;33913.1;1.5
2023-06-28 01:10:46.517;33915.1;33913.6;1.5
2023-06-28 01:11:00.417;33916.1;33914.6;1.5
2023-06-28 01:11:09.716;33916.6;33915.1;1.5
2023-06-28 01:11:19.325;33917.1;33915.6;1.5
2023-06-28 01:11:21.827;33916.6;33915.1;1.5
2023-06-28 01:11:27.716;33916.1;33914.6;1.5
2023-06-28 01:11:37.815;33915.6;33914.1;1.5
2023-06-28 01:11:51.916;33914.6;33913.1;1.5
2023-06-28 01:11:52.118;33915.1;33913.6;1.5
2023-06-28 01:11:57.545;33914.6;33913.1;1.5
2023-06-28 01:12:04.015;33914.1;33912.6;1.5
2023-06-28 01:12:08.926;33914.6;33913.1;1.5
2023-06-28 01:12:11.617;33914.1;33912.6;1.5
2023-06-28 01:12:18.518;33914.6;33913.1;1.5
2023-06-28 01:12:20.419;33914.1;33912.6;1.5
2023-06-28 01:12:50.118;33914.6;33913.1;1.5
2023-06-28 01:12:50.915;33914.1;33912.6;1.5
2023-06-28 01:12:55.915;33913.6;33912.1;1.5
2023-06-28 01:13:09.319;33913.1;33911.6;1.5
2023-06-28 01:13:18.629;33912.6;33911.1;1.5
2023-06-28 01:13:20.317;33913.1;33911.6;1.5
2023-06-28 01:13:33.620;33912.6;33911.1;1.5
2023-06-28 01:13:41.617;33912.1;33910.6;1.5
2023-06-28 01:13:46.215;33912.6;33911.1;1.5
2023-06-28 01:13:49.993;33912.1;33910.6;1.5
2023-06-28 01:14:07.516;33911.6;33910.1;1.5
2023-06-28 01:14:08.115;33911.1;33909.6;1.5
2023-06-28 01:14:09.312;33911.6;33910.1;1.5
2023-06-28 01:14:10.418;33912.1;33910.6;1.5
2023-06-28 01:14:13.223;33911.6;33910.1;1.5
2023-06-28 01:14:24.239;33912.1;33910.6;1.5
2023-06-28 01:14:27.217;33911.6;33910.1;1.5
2023-06-28 01:14:31.023;33911.1;33909.6;1.5
2023-06-28 01:14:36.318;33911.6;33910.1;1.5
2023-06-28 01:14:45.819;33911.1;33909.6;1.5
2023-06-28 01:14:46.826;33911.6;33910.1;1.5
2023-06-28 01:14:47.214;33911.1;33909.6;1.5
2023-06-28 01:14:47.516;33911.6;33910.1;1.5
2023-06-28 01:15:02.416;33910.6;33909.1;1.5
2023-06-28 01:15:04.615;33911.1;33909.6;1.5
2023-06-28 01:15:07.709;33911.6;33910.1;1.5
2023-06-28 01:15:16.022;33910.6;33909.1;1.5
2023-06-28 01:15:20.516;33911.1;33909.6;1.5
2023-06-28 01:15:21.215;33910.6;33909.1;1.5
2023-06-28 01:15:22.315;33911.1;33909.6;1.5
2023-06-28 01:15:22.918;33910.6;33909.1;1.5
2023-06-28 01:15:24.116;33909.6;33908.1;1.5
2023-06-28 01:15:24.418;33910.1;33908.6;1.5
2023-06-28 01:15:29.415;33910.6;33909.1;1.5
2023-06-28 01:15:32.015;33910.1;33908.6;1.5
2023-06-28 01:15:32.314;33910.6;33909.1;1.5
2023-06-28 01:15:35.416;33910.1;33908.6;1.5
2023-06-28 01:15:43.815;33906.1;33904.6;1.5
2023-06-28 01:15:44.116;33907.1;33905.6;1.5
2023-06-28 01:15:45.916;33906.6;33905.1;1.5
2023-06-28 01:15:52.016;33907.1;33905.6;1.5
2023-06-28 01:15:54.017;33906.6;33905.1;1.5
2023-06-28 01:15:55.315;33905.6;33904.1;1.5
2023-06-28 01:15:55.715;33903.6;33902.1;1.5
2023-06-28 01:15:56.217;33902.6;33901.1;1.5
2023-06-28 01:15:56.917;33903.1;33901.6;1.5
2023-06-28 01:15:58.219;33903.6;33902.1;1.5
2023-06-28 01:15:58.517;33904.6;33903.1;1.5
2023-06-28 01:16:03.421;33903.6;33902.1;1.5
2023-06-28 01:16:04.017;33904.1;33902.6;1.5
2023-06-28 01:16:04.319;33903.6;33902.1;1.5
2023-06-28 01:16:05.615;33903.1;33901.6;1.5
2023-06-28 01:16:10.016;33903.6;33902.1;1.5
2023-06-28 01:16:10.516;33902.6;33901.1;1.5
2023-06-28 01:16:14.116;33903.1;33901.6;1.5
2023-06-28 01:16:16.318;33903.6;33902.1;1.5
2023-06-28 01:16:17.616;33902.6;33901.1;1.5
2023-06-28 01:16:24.618;33903.1;33901.6;1.5
2023-06-28 01:16:25.919;33902.6;33901.1;1.5
2023-06-28 01:16:29.017;33903.1;33901.6;1.5
2023-06-28 01:16:29.515;33903.6;33902.1;1.5
2023-06-28 01:16:38.918;33904.6;33903.1;1.5
2023-06-28 01:16:41.220;33904.1;33902.6;1.5
2023-06-28 01:16:41.623;33903.6;33902.1;1.5
2023-06-28 01:16:42.515;33904.1;33902.6;1.5
2023-06-28 01:16:42.817;33903.6;33902.1;1.5
2023-06-28 01:16:43.515;33903.1;33901.6;1.5
2023-06-28 01:16:44.515;33902.6;33901.1;1.5
2023-06-28 01:16:47.718;33901.6;33900.1;1.5
2023-06-28 01:16:48.318;33902.6;33901.1;1.5
2023-06-28 01:17:02.018;33904.6;33903.1;1.5
2023-06-28 01:17:03.019;33903.6;33902.1;1.5
2023-06-28 01:17:03.417;33904.6;33903.1;1.5
2023-06-28 01:17:07.517;33905.6;33904.1;1.5
2023-06-28 01:17:08.016;33905.1;33903.6;1.5
2023-06-28 01:17:08.516;33905.6;33904.1;1.5
2023-06-28 01:17:18.216;33905.1;33903.6;1.5
2023-06-28 01:17:18.616;33904.6;33903.1;1.5
2023-06-28 01:17:20.418;33905.6;33904.1;1.5
2023-06-28 01:17:23.519;33905.1;33903.6;1.5
2023-06-28 01:17:26.122;33904.6;33903.1;1.5
2023-06-28 01:17:28.319;33903.6;33902.1;1.5
2023-06-28 01:17:28.717;33904.1;33902.6;1.5
2023-06-28 01:17:29.415;33903.6;33902.1;1.5
2023-06-28 01:17:31.519;33904.6;33903.1;1.5
2023-06-28 01:17:41.315;33903.6;33902.1;1.5
2023-06-28 01:17:42.115;33904.1;33902.6;1.5
2023-06-28 01:17:42.720;33904.6;33903.1;1.5
2023-06-28 01:17:43.220;33901.6;33900.1;1.5
2023-06-28 01:17:44.015;33902.1;33900.6;1.5
2023-06-28 01:17:44.816;33901.6;33900.1;1.5
2023-06-28 01:17:47.118;33901.1;33899.6;1.5
2023-06-28 01:17:50.519;33901.6;33900.1;1.5
2023-06-28 01:17:52.716;33901.1;33899.6;1.5
2023-06-28 01:17:53.322;33899.6;33898.1;1.5
2023-06-28 01:17:55.012;33898.6;33897.1;1.5
2023-06-28 01:17:57.615;33899.6;33898.1;1.5
2023-06-28 01:17:58.617;33899.1;33897.6;1.5
2023-06-28 01:17:59.421;33899.6;33898.1;1.5
2023-06-28 01:18:00.518;33900.1;33898.6;1.5
2023-06-28 01:18:00.822;33900.6;33899.1;1.5
2023-06-28 01:18:03.915;33900.1;33898.6;1.5
2023-06-28 01:18:06.108;33900.6;33899.1;1.5
2023-06-28 01:18:06.316;33901.1;33899.6;1.5
2023-06-28 01:18:10.917;33900.6;33899.1;1.5
2023-06-28 01:18:14.516;33901.6;33900.1;1.5
2023-06-28 01:18:21.117;33902.1;33900.6;1.5
2023-06-28 01:18:21.917;33901.6;33900.1;1.5
2023-06-28 01:18:24.520;33900.6;33899.1;1.5
2023-06-28 01:18:31.516;33900.1;33898.6;1.5
2023-06-28 01:18:32.224;33900.6;33899.1;1.5
2023-06-28 01:18:34.315;33901.1;33899.6;1.5
2023-06-28 01:18:34.923;33900.6;33899.1;1.5
2023-06-28 01:18:39.716;33899.6;33898.1;1.5
2023-06-28 01:18:41.818;33900.1;33898.6;1.5
2023-06-28 01:18:46.723;33899.6;33898.1;1.5
2023-06-28 01:18:57.615;33898.6;33897.1;1.5
2023-06-28 01:19:00.416;33899.6;33898.1;1.5
2023-06-28 01:19:03.419;33900.6;33899.1;1.5
2023-06-28 01:19:05.523;33900.1;33898.6;1.5
2023-06-28 01:19:05.816;33899.6;33898.1;1.5
2023-06-28 01:19:06.316;33900.1;33898.6;1.5
2023-06-28 01:19:11.617;33900.6;33899.1;1.5
2023-06-28 01:19:12.415;33900.1;33898.6;1.5
2023-06-28 01:19:14.717;33900.6;33899.1;1.5
2023-06-28 01:19:19.419;33901.1;33899.6;1.5
2023-06-28 01:19:20.622;33900.6;33899.1;1.5
2023-06-28 01:19:21.921;33901.6;33900.1;1.5
2023-06-28 01:19:23.216;33901.1;33899.6;1.5
2023-06-28 01:19:23.516;33901.6;33900.1;1.5
2023-06-28 01:19:25.617;33900.6;33899.1;1.5
2023-06-28 01:19:35.411;33901.1;33899.6;1.5
2023-06-28 01:19:36.916;33900.6;33899.1;1.5
2023-06-28 01:19:37.317;33901.1;33899.6;1.5
2023-06-28 01:19:38.016;33901.6;33900.1;1.5
2023-06-28 01:19:38.916;33900.6;33899.1;1.5
2023-06-28 01:19:41.023;33901.1;33899.6;1.5
2023-06-28 01:19:42.516;33901.6;33900.1;1.5
2023-06-28 01:19:45.315;33900.6;33899.1;1.5
2023-06-28 01:19:46.415;33901.1;33899.6;1.5
2023-06-28 01:19:47.619;33900.6;33899.1;1.5
2023-06-28 01:19:48.316;33901.6;33900.1;1.5
2023-06-28 01:19:49.216;33900.6;33899.1;1.5
2023-06-28 01:19:54.621;33899.6;33898.1;1.5
2023-06-28 01:19:58.416;33900.1;33898.6;1.5
2023-06-28 01:20:01.814;33899.6;33898.1;1.5
2023-06-28 01:20:11.922;33899.1;33897.6;1.5
2023-06-28 01:20:22.415;33898.6;33897.1;1.5
2023-06-28 01:20:23.416;33896.6;33895.1;1.5
2023-06-28 01:20:26.321;33897.6;33896.1;1.5
2023-06-28 01:20:26.616;33896.6;33895.1;1.5
2023-06-28 01:20:27.320;33897.1;33895.6;1.5
2023-06-28 01:20:27.717;33897.6;33896.1;1.5
2023-06-28 01:20:30.115;33897.1;33895.6;1.5
2023-06-28 01:20:33.311;33896.6;33895.1;1.5
2023-06-28 01:21:03.816;33897.1;33895.6;1.5
2023-06-28 01:21:04.717;33897.6;33896.1;1.5
2023-06-28 01:21:06.016;33898.6;33897.1;1.5
2023-06-28 01:21:06.216;33899.6;33898.1;1.5
2023-06-28 01:21:17.018;33898.6;33897.1;1.5
2023-06-28 01:21:25.219;33899.1;33897.6;1.5
2023-06-28 01:21:29.320;33899.6;33898.1;1.5
2023-06-28 01:21:33.616;33898.6;33897.1;1.5
2023-06-28 01:21:38.918;33899.1;33897.6;1.5
2023-06-28 01:21:47.315;33898.6;33897.1;1.5
2023-06-28 01:21:53.516;33899.1;33897.6;1.5
2023-06-28 01:21:54.018;33898.6;33897.1;1.5
2023-06-28 01:22:04.423;33898.1;33896.6;1.5
2023-06-28 01:22:09.516;33896.6;33895.1;1.5
2023-06-28 01:22:11.022;33897.1;33895.6;1.5
2023-06-28 01:22:11.817;33897.6;33896.1;1.5
2023-06-28 01:22:16.916;33898.6;33897.1;1.5
2023-06-28 01:22:17.417;33898.1;33896.6;1.5
2023-06-28 01:22:17.916;33898.6;33897.1;1.5
2023-06-28 01:22:30.917;33897.6;33896.1;1.5
2023-06-28 01:22:31.514;33898.1;33896.6;1.5
2023-06-28 01:22:32.017;33898.6;33897.1;1.5
2023-06-28 01:22:34.317;33899.1;33897.6;1.5
2023-06-28 01:22:40.317;33899.6;33898.1;1.5
2023-06-28 01:22:46.416;33898.6;33897.1;1.5
2023-06-28 01:22:59.016;33897.6;33896.1;1.5
2023-06-28 01:23:00.016;33897.1;33895.6;1.5
2023-06-28 01:23:00.222;33896.6;33895.1;1.5
2023-06-28 01:23:10.416;33897.6;33896.1;1.5
2023-06-28 01:23:20.715;33897.1;33895.6;1.5
2023-06-28 01:23:20.916;33897.6;33896.1;1.5
2023-06-28 01:23:21.117;33898.1;33896.6;1.5
2023-06-28 01:23:27.714;33898.6;33897.1;1.5
2023-06-28 01:23:50.016;33899.1;33897.6;1.5
2023-06-28 01:23:50.416;33898.6;33897.1;1.5
2023-06-28 01:23:52.616;33899.6;33898.1;1.5
2023-06-28 01:23:52.917;33900.6;33899.1;1.5
2023-06-28 01:24:00.319;33899.6;33898.1;1.5
2023-06-28 01:24:01.719;33900.1;33898.6;1.5
2023-06-28 01:24:02.317;33900.6;33899.1;1.5
2023-06-28 01:24:32.217;33899.6;33898.1;1.5
2023-06-28 01:24:33.409;33900.1;33898.6;1.5
2023-06-28 01:24:34.443;33899.6;33898.1;1.5
2023-06-28 01:24:36.024;33900.1;33898.6;1.5
2023-06-28 01:24:44.123;33900.6;33899.1;1.5
2023-06-28 01:24:55.216;33898.6;33897.1;1.5
2023-06-28 01:24:55.419;33899.6;33898.1;1.5
2023-06-28 01:24:59.219;33899.1;33897.6;1.5
2023-06-28 01:24:59.617;33899.6;33898.1;1.5
2023-06-28 01:25:06.116;33900.1;33898.6;1.5
2023-06-28 01:25:07.215;33900.6;33899.1;1.5
2023-06-28 01:25:40.521;33901.1;33899.6;1.5
2023-06-28 01:25:43.817;33902.1;33900.6;1.5
2023-06-28 01:26:04.419;33902.6;33901.1;1.5
2023-06-28 01:26:07.916;33904.6;33903.1;1.5
2023-06-28 01:26:08.118;33905.1;33903.6;1.5
2023-06-28 01:26:08.422;33904.6;33903.1;1.5
2023-06-28 01:26:08.716;33905.1;33903.6;1.5
2023-06-28 01:26:09.318;33904.6;33903.1;1.5
2023-06-28 01:26:16.221;33904.1;33902.6;1.5
2023-06-28 01:26:19.322;33904.6;33903.1;1.5
2023-06-28 01:26:20.313;33904.1;33902.6;1.5
2023-06-28 01:26:20.817;33904.6;33903.1;1.5
2023-06-28 01:26:21.517;33904.1;33902.6;1.5
2023-06-28 01:26:22.116;33904.6;33903.1;1.5
2023-06-28 01:26:22.916;33904.1;33902.6;1.5
2023-06-28 01:26:27.716;33903.6;33902.1;1.5
2023-06-28 01:26:37.519;33902.1;33900.6;1.5
2023-06-28 01:26:41.919;33901.1;33899.6;1.5
2023-06-28 01:26:45.821;33901.6;33900.1;1.5
2023-06-28 01:26:52.521;33902.6;33901.1;1.5
2023-06-28 01:26:59.316;33903.6;33902.1;1.5
2023-06-28 01:27:11.618;33904.6;33903.1;1.5
2023-06-28 01:27:12.316;33904.1;33902.6;1.5
2023-06-28 01:27:17.419;33904.6;33903.1;1.5
2023-06-28 01:27:29.824;33905.1;33903.6;1.5
2023-06-28 01:27:30.517;33904.6;33903.1;1.5
2023-06-28 01:27:42.316;33905.1;33903.6;1.5
2023-06-28 01:27:44.918;33905.6;33904.1;1.5
2023-06-28 01:27:46.916;33906.1;33904.6;1.5
2023-06-28 01:27:50.218;33905.6;33904.1;1.5
2023-06-28 01:27:53.934;33904.6;33903.1;1.5
2023-06-28 01:28:00.416;33904.1;33902.6;1.5
2023-06-28 01:28:01.229;33904.6;33903.1;1.5
2023-06-28 01:28:01.517;33905.1;33903.6;1.5
2023-06-28 01:28:02.429;33904.6;33903.1;1.5
2023-06-28 01:28:16.893;33904.1;33902.6;1.5
2023-06-28 01:28:19.818;33904.6;33903.1;1.5
2023-06-28 01:28:29.218;33904.1;33902.6;1.5
2023-06-28 01:28:31.815;33903.6;33902.1;1.5
2023-06-28 01:28:33.216;33903.1;33901.6;1.5
2023-06-28 01:28:38.416;33903.6;33902.1;1.5
2023-06-28 01:28:45.530;33904.1;33902.6;1.5
2023-06-28 01:28:47.316;33904.6;33903.1;1.5
2023-06-28 01:29:06.423;33904.1;33902.6;1.5
2023-06-28 01:29:06.918;33903.6;33902.1;1.5
2023-06-28 01:29:09.919;33902.6;33901.1;1.5
2023-06-28 01:29:31.316;33903.1;33901.6;1.5
2023-06-28 01:29:44.623;33902.6;33901.1;1.5
2023-06-28 01:29:48.417;33903.1;33901.6;1.5
2023-06-28 01:29:49.324;33902.6;33901.1;1.5
2023-06-28 01:29:56.116;33903.1;33901.6;1.5
2023-06-28 01:30:00.524;33904.1;33902.6;1.5
2023-06-28 01:30:01.118;33905.6;33904.1;1.5
2023-06-28 01:30:01.519;33904.6;33903.1;1.5
2023-06-28 01:30:02.042;33905.6;33904.1;1.5
2023-06-28 01:30:04.121;33906.6;33905.1;1.5
2023-06-28 01:30:04.421;33907.6;33906.1;1.5
2023-06-28 01:30:05.120;33908.1;33906.6;1.5
2023-06-28 01:30:06.817;33907.6;33906.1;1.5
2023-06-28 01:30:10.217;33907.1;33905.6;1.5
2023-06-28 01:30:12.917;33906.6;33905.1;1.5
2023-06-28 01:30:13.321;33907.1;33905.6;1.5
2023-06-28 01:30:14.117;33906.6;33905.1;1.5
2023-06-28 01:30:14.518;33907.6;33906.1;1.5
2023-06-28 01:30:16.716;33908.1;33906.6;1.5
2023-06-28 01:30:17.922;33907.6;33906.1;1.5
2023-06-28 01:30:19.388;33908.1;33906.6;1.5
2023-06-28 01:30:19.920;33908.6;33907.1;1.5
2023-06-28 01:30:21.716;33908.1;33906.6;1.5
2023-06-28 01:30:22.125;33907.6;33906.1;1.5
2023-06-28 01:30:23.017;33908.1;33906.6;1.5
2023-06-28 01:30:27.116;33908.6;33907.1;1.5
2023-06-28 01:30:27.420;33909.1;33907.6;1.5
2023-06-28 01:30:27.816;33908.6;33907.1;1.5
2023-06-28 01:30:28.517;33909.6;33908.1;1.5
2023-06-28 01:30:29.917;33910.1;33908.6;1.5
2023-06-28 01:30:30.616;33910.6;33909.1;1.5
2023-06-28 01:30:31.417;33912.1;33910.6;1.5
2023-06-28 01:30:31.620;33912.6;33911.1;1.5
2023-06-28 01:30:33.216;33912.1;33910.6;1.5
2023-06-28 01:30:33.416;33912.6;33911.1;1.5
2023-06-28 01:30:33.816;33911.6;33910.1;1.5
2023-06-28 01:30:39.221;33912.6;33911.1;1.5
2023-06-28 01:30:40.716;33912.1;33910.6;1.5
2023-06-28 01:30:41.016;33912.6;33911.1;1.5
2023-06-28 01:30:41.916;33913.1;33911.6;1.5
2023-06-28 01:30:43.816;33912.6;33911.1;1.5
2023-06-28 01:30:44.516;33913.1;33911.6;1.5
2023-06-28 01:30:45.816;33912.6;33911.1;1.5
2023-06-28 01:30:54.019;33911.6;33910.1;1.5
2023-06-28 01:30:56.118;33912.6;33911.1;1.5
2023-06-28 01:30:59.516;33912.1;33910.6;1.5
2023-06-28 01:30:59.717;33911.6;33910.1;1.5
2023-06-28 01:31:00.423;33910.6;33909.1;1.5
2023-06-28 01:31:00.918;33909.6;33908.1;1.5
2023-06-28 01:31:01.121;33910.1;33908.6;1.5
2023-06-28 01:31:01.721;33909.6;33908.1;1.5
2023-06-28 01:31:02.825;33908.6;33907.1;1.5
2023-06-28 01:31:18.020;33907.6;33906.1;1.5
2023-06-28 01:31:30.020;33906.6;33905.1;1.5
2023-06-28 01:31:42.516;33906.1;33904.6;1.5
2023-06-28 01:31:43.417;33905.6;33904.1;1.5
2023-06-28 01:31:52.517;33906.1;33904.6;1.5
2023-06-28 01:31:52.717;33905.6;33904.1;1.5
2023-06-28 01:32:00.719;33905.1;33903.6;1.5
2023-06-28 01:32:00.916;33904.6;33903.1;1.5
2023-06-28 01:32:02.816;33903.6;33902.1;1.5
2023-06-28 01:32:04.517;33904.6;33903.1;1.5
2023-06-28 01:32:06.418;33905.6;33904.1;1.5
2023-06-28 01:32:12.023;33905.1;33903.6;1.5
2023-06-28 01:32:12.817;33906.6;33905.1;1.5
2023-06-28 01:32:18.619;33906.1;33904.6;1.5
2023-06-28 01:32:19.216;33907.6;33906.1;1.5
2023-06-28 01:32:22.120;33906.6;33905.1;1.5
2023-06-28 01:32:24.617;33904.6;33903.1;1.5
2023-06-28 01:32:27.017;33905.6;33904.1;1.5
2023-06-28 01:32:29.516;33905.1;33903.6;1.5
2023-06-28 01:32:31.716;33905.6;33904.1;1.5
2023-06-28 01:32:35.820;33904.6;33903.1;1.5
2023-06-28 01:32:39.617;33905.1;33903.6;1.5
2023-06-28 01:32:40.118;33905.6;33904.1;1.5
2023-06-28 01:32:41.219;33904.6;33903.1;1.5
2023-06-28 01:32:43.519;33905.1;33903.6;1.5
2023-06-28 01:32:44.716;33905.6;33904.1;1.5
2023-06-28 01:32:47.316;33904.6;33903.1;1.5
2023-06-28 01:32:48.319;33904.1;33902.6;1.5
2023-06-28 01:32:50.119;33904.6;33903.1;1.5
2023-06-28 01:33:00.523;33903.6;33902.1;1.5
2023-06-28 01:33:01.423;33904.1;33902.6;1.5
2023-06-28 01:33:02.416;33904.6;33903.1;1.5
2023-06-28 01:33:02.922;33904.1;33902.6;1.5
2023-06-28 01:33:03.223;33903.6;33902.1;1.5
2023-06-28 01:33:07.717;33904.6;33903.1;1.5
2023-06-28 01:33:11.717;33905.6;33904.1;1.5
2023-06-28 01:33:18.021;33906.1;33904.6;1.5
2023-06-28 01:33:20.118;33907.1;33905.6;1.5
2023-06-28 01:33:21.417;33906.6;33905.1;1.5
2023-06-28 01:33:23.018;33905.6;33904.1;1.5
2023-06-28 01:33:28.117;33906.6;33905.1;1.5
2023-06-28 01:33:33.718;33905.6;33904.1;1.5
2023-06-28 01:33:34.516;33905.1;33903.6;1.5
2023-06-28 01:33:36.220;33905.6;33904.1;1.5
2023-06-28 01:33:38.116;33905.1;33903.6;1.5
2023-06-28 01:33:38.716;33905.6;33904.1;1.5
2023-06-28 01:33:40.017;33904.6;33903.1;1.5
2023-06-28 01:33:48.916;33902.6;33901.1;1.5
2023-06-28 01:33:59.716;33903.1;33901.6;1.5
2023-06-28 01:34:00.217;33904.1;33902.6;1.5
2023-06-28 01:34:00.621;33904.6;33903.1;1.5
2023-06-28 01:34:00.918;33904.1;33902.6;1.5
2023-06-28 01:34:01.416;33904.6;33903.1;1.5
2023-06-28 01:34:02.169;33905.1;33903.6;1.5
2023-06-28 01:34:05.124;33905.6;33904.1;1.5
2023-06-28 01:34:07.217;33905.1;33903.6;1.5
2023-06-28 01:34:09.216;33905.6;33904.1;1.5
2023-06-28 01:34:11.617;33906.6;33905.1;1.5
2023-06-28 01:34:12.020;33906.1;33904.6;1.5
2023-06-28 01:34:12.814;33906.6;33905.1;1.5
2023-06-28 01:34:15.616;33906.1;33904.6;1.5
2023-06-28 01:34:16.520;33906.6;33905.1;1.5
2023-06-28 01:34:17.218;33906.1;33904.6;1.5
2023-06-28 01:34:18.120;33906.6;33905.1;1.5
2023-06-28 01:34:38.118;33905.6;33904.1;1.5
2023-06-28 01:34:39.515;33906.1;33904.6;1.5
2023-06-28 01:34:42.532;33906.6;33905.1;1.5
2023-06-28 01:34:43.019;33906.1;33904.6;1.5
2023-06-28 01:34:43.819;33905.6;33904.1;1.5
2023-06-28 01:34:44.617;33905.1;33903.6;1.5
2023-06-28 01:34:45.916;33905.6;33904.1;1.5
2023-06-28 01:34:48.819;33905.1;33903.6;1.5
2023-06-28 01:34:52.517;33905.6;33904.1;1.5
2023-06-28 01:34:53.621;33906.6;33905.1;1.5
2023-06-28 01:34:58.419;33906.1;33904.6;1.5
2023-06-28 01:34:58.821;33906.6;33905.1;1.5
2023-06-28 01:35:00.718;33906.1;33904.6;1.5
2023-06-28 01:35:02.323;33906.6;33905.1;1.5
2023-06-28 01:35:05.417;33906.1;33904.6;1.5
2023-06-28 01:35:06.324;33906.6;33905.1;1.5
2023-06-28 01:35:07.418;33906.1;33904.6;1.5
2023-06-28 01:35:08.916;33905.6;33904.1;1.5
2023-06-28 01:35:18.421;33905.1;33903.6;1.5
2023-06-28 01:35:23.217;33904.6;33903.1;1.5
2023-06-28 01:35:28.117;33905.6;33904.1;1.5
2023-06-28 01:35:28.316;33905.1;33903.6;1.5
2023-06-28 01:35:30.419;33905.6;33904.1;1.5
2023-06-28 01:35:31.921;33906.6;33905.1;1.5
2023-06-28 01:35:36.319;33906.1;33904.6;1.5
2023-06-28 01:35:38.816;33906.6;33905.1;1.5
2023-06-28 01:35:42.316;33907.6;33906.1;1.5
2023-06-28 01:35:42.816;33906.6;33905.1;1.5
2023-06-28 01:35:44.317;33907.6;33906.1;1.5
2023-06-28 01:35:51.817;33908.6;33907.1;1.5
2023-06-28 01:35:52.117;33908.1;33906.6;1.5
2023-06-28 01:35:52.917;33908.6;33907.1;1.5
2023-06-28 01:35:56.122;33908.1;33906.6;1.5
2023-06-28 01:35:58.617;33908.6;33907.1;1.5
2023-06-28 01:36:04.616;33907.6;33906.1;1.5
2023-06-28 01:36:07.217;33908.1;33906.6;1.5
2023-06-28 01:36:07.916;33908.6;33907.1;1.5
2023-06-28 01:36:08.317;33908.1;33906.6;1.5
2023-06-28 01:36:09.116;33907.6;33906.1;1.5
2023-06-28 01:36:14.017;33907.1;33905.6;1.5
2023-06-28 01:36:23.418;33907.6;33906.1;1.5
2023-06-28 01:36:23.915;33908.1;33906.6;1.5
2023-06-28 01:36:24.617;33907.6;33906.1;1.5
2023-06-28 01:36:28.718;33908.6;33907.1;1.5
2023-06-28 01:36:30.121;33908.1;33906.6;1.5
2023-06-28 01:36:30.421;33907.6;33906.1;1.5
2023-06-28 01:36:31.218;33908.6;33907.1;1.5
2023-06-28 01:36:34.919;33909.6;33908.1;1.5
2023-06-28 01:36:35.218;33910.1;33908.6;1.5
2023-06-28 01:36:35.919;33909.6;33908.1;1.5
2023-06-28 01:36:36.817;33910.1;33908.6;1.5
2023-06-28 01:36:37.516;33909.6;33908.1;1.5
2023-06-28 01:36:40.817;33910.6;33909.1;1.5
2023-06-28 01:36:45.224;33911.6;33910.1;1.5
2023-06-28 01:36:54.316;33912.1;33910.6;1.5
2023-06-28 01:36:54.917;33911.6;33910.1;1.5
2023-06-28 01:36:55.218;33912.1;33910.6;1.5
2023-06-28 01:36:55.716;33911.6;33910.1;1.5
2023-06-28 01:36:57.316;33912.1;33910.6;1.5
2023-06-28 01:36:58.123;33911.6;33910.1;1.5
2023-06-28 01:37:02.217;33910.6;33909.1;1.5
2023-06-28 01:37:03.424;33909.6;33908.1;1.5
2023-06-28 01:37:03.716;33910.6;33909.1;1.5
2023-06-28 01:37:06.617;33910.1;33908.6;1.5
2023-06-28 01:37:07.817;33910.6;33909.1;1.5
2023-06-28 01:37:13.217;33910.1;33908.6;1.5
2023-06-28 01:37:13.717;33909.6;33908.1;1.5
2023-06-28 01:37:14.016;33910.1;33908.6;1.5
2023-06-28 01:37:14.616;33909.6;33908.1;1.5
2023-06-28 01:37:24.116;33910.1;33908.6;1.5
2023-06-28 01:37:24.320;33910.6;33909.1;1.5
2023-06-28 01:37:29.614;33909.6;33908.1;1.5
2023-06-28 01:37:35.817;33908.6;33907.1;1.5
2023-06-28 01:37:36.617;33909.1;33907.6;1.5
2023-06-28 01:37:36.916;33909.6;33908.1;1.5
2023-06-28 01:37:44.919;33908.6;33907.1;1.5
2023-06-28 01:37:52.517;33907.6;33906.1;1.5
2023-06-28 01:37:55.025;33908.6;33907.1;1.5
2023-06-28 01:38:00.322;33909.1;33907.6;1.5
2023-06-28 01:38:00.854;33907.6;33906.1;1.5
2023-06-28 01:38:02.417;33908.6;33907.1;1.5
2023-06-28 01:38:05.621;33908.1;33906.6;1.5
2023-06-28 01:38:06.419;33906.6;33905.1;1.5
2023-06-28 01:38:07.118;33907.6;33906.1;1.5
2023-06-28 01:38:15.520;33908.1;33906.6;1.5
2023-06-28 01:38:16.120;33907.6;33906.1;1.5
2023-06-28 01:38:21.116;33907.1;33905.6;1.5
2023-06-28 01:38:22.317;33907.6;33906.1;1.5
2023-06-28 01:38:23.217;33907.1;33905.6;1.5
2023-06-28 01:38:23.516;33906.6;33905.1;1.5
2023-06-28 01:38:24.417;33907.6;33906.1;1.5
2023-06-28 01:38:28.619;33906.6;33905.1;1.5
2023-06-28 01:38:29.317;33907.6;33906.1;1.5
2023-06-28 01:38:30.418;33906.6;33905.1;1.5
2023-06-28 01:38:36.917;33907.6;33906.1;1.5
2023-06-28 01:38:37.616;33907.1;33905.6;1.5
2023-06-28 01:38:39.517;33906.6;33905.1;1.5
2023-06-28 01:38:40.317;33907.6;33906.1;1.5
2023-06-28 01:39:14.016;33908.1;33906.6;1.5
2023-06-28 01:39:14.616;33907.6;33906.1;1.5
2023-06-28 01:39:16.016;33908.6;33907.1;1.5
2023-06-28 01:39:18.517;33909.6;33908.1;1.5
2023-06-28 01:39:18.817;33908.6;33907.1;1.5
2023-06-28 01:39:22.616;33909.1;33907.6;1.5
2023-06-28 01:39:23.326;33908.6;33907.1;1.5
2023-06-28 01:39:26.517;33909.1;33907.6;1.5
2023-06-28 01:39:30.925;33908.6;33907.1;1.5
2023-06-28 01:39:32.517;33909.1;33907.6;1.5
2023-06-28 01:39:33.417;33908.6;33907.1;1.5
2023-06-28 01:39:35.817;33909.1;33907.6;1.5
2023-06-28 01:39:36.916;33908.6;33907.1;1.5
2023-06-28 01:39:38.117;33909.1;33907.6;1.5
2023-06-28 01:39:38.718;33909.6;33908.1;1.5
2023-06-28 01:39:41.217;33910.6;33909.1;1.5
2023-06-28 01:39:43.118;33911.1;33909.6;1.5
2023-06-28 01:39:43.820;33910.6;33909.1;1.5
2023-06-28 01:39:46.020;33910.1;33908.6;1.5
2023-06-28 01:39:48.424;33910.6;33909.1;1.5
2023-06-28 01:39:49.116;33910.1;33908.6;1.5
2023-06-28 01:39:50.620;33910.6;33909.1;1.5
2023-06-28 01:39:53.117;33909.6;33908.1;1.5
2023-06-28 01:39:56.820;33910.1;33908.6;1.5
2023-06-28 01:40:00.721;33909.6;33908.1;1.5
2023-06-28 01:40:01.216;33910.1;33908.6;1.5
2023-06-28 01:40:02.516;33909.6;33908.1;1.5
2023-06-28 01:40:03.020;33910.1;33908.6;1.5
2023-06-28 01:40:04.718;33910.6;33909.1;1.5
2023-06-28 01:40:09.016;33910.1;33908.6;1.5
2023-06-28 01:40:10.518;33909.6;33908.1;1.5
2023-06-28 01:40:10.816;33910.1;33908.6;1.5
2023-06-28 01:40:11.511;33909.6;33908.1;1.5
2023-06-28 01:40:11.821;33910.1;33908.6;1.5
2023-06-28 01:40:12.119;33909.6;33908.1;1.5
2023-06-28 01:40:12.617;33910.6;33909.1;1.5
2023-06-28 01:40:17.721;33910.1;33908.6;1.5
2023-06-28 01:40:18.716;33910.6;33909.1;1.5
2023-06-28 01:40:19.711;33910.1;33908.6;1.5
2023-06-28 01:40:25.117;33910.6;33909.1;1.5
2023-06-28 01:40:30.116;33911.1;33909.6;1.5
2023-06-28 01:40:30.317;33911.6;33910.1;1.5
2023-06-28 01:40:34.519;33911.1;33909.6;1.5
2023-06-28 01:40:39.953;33911.6;33910.1;1.5
2023-06-28 01:40:47.619;33912.6;33911.1;1.5
2023-06-28 01:40:52.618;33911.6;33910.1;1.5
2023-06-28 01:41:01.319;33910.6;33909.1;1.5
2023-06-28 01:41:11.620;33911.1;33909.6;1.5
2023-06-28 01:41:14.318;33910.6;33909.1;1.5
2023-06-28 01:41:18.617;33909.6;33908.1;1.5
2023-06-28 01:41:22.519;33910.6;33909.1;1.5
2023-06-28 01:41:24.623;33911.1;33909.6;1.5
2023-06-28 01:41:25.418;33910.6;33909.1;1.5
2023-06-28 01:41:29.021;33911.6;33910.1;1.5
2023-06-28 01:41:36.118;33912.6;33911.1;1.5
2023-06-28 01:41:39.720;33913.6;33912.1;1.5
2023-06-28 01:41:41.119;33914.1;33912.6;1.5
2023-06-28 01:41:42.018;33914.6;33913.1;1.5
2023-06-28 01:41:47.922;33915.1;33913.6;1.5
2023-06-28 01:41:48.317;33915.6;33914.1;1.5
2023-06-28 01:41:53.022;33915.1;33913.6;1.5
2023-06-28 01:41:53.416;33915.6;33914.1;1.5
2023-06-28 01:41:55.418;33915.1;33913.6;1.5
2023-06-28 01:41:59.218;33915.6;33914.1;1.5
2023-06-28 01:42:07.620;33916.6;33915.1;1.5
2023-06-28 01:42:08.116;33916.1;33914.6;1.5
2023-06-28 01:42:08.316;33915.6;33914.1;1.5
2023-06-28 01:42:10.317;33916.1;33914.6;1.5
2023-06-28 01:42:10.617;33915.6;33914.1;1.5
2023-06-28 01:42:13.520;33915.1;33913.6;1.5
2023-06-28 01:42:14.317;33915.6;33914.1;1.5
2023-06-28 01:42:18.418;33915.1;33913.6;1.5
2023-06-28 01:42:20.817;33915.6;33914.1;1.5
2023-06-28 01:42:21.817;33915.1;33913.6;1.5
2023-06-28 01:42:24.417;33914.6;33913.1;1.5
2023-06-28 01:42:27.617;33915.1;33913.6;1.5
2023-06-28 01:42:31.019;33915.6;33914.1;1.5
2023-06-28 01:42:31.820;33915.1;33913.6;1.5
2023-06-28 01:42:32.219;33914.1;33912.6;1.5
2023-06-28 01:42:40.616;33913.6;33912.1;1.5
2023-06-28 01:42:47.517;33914.6;33913.1;1.5
2023-06-28 01:42:50.217;33915.6;33914.1;1.5
2023-06-28 01:42:51.118;33916.1;33914.6;1.5
2023-06-28 01:42:58.223;33915.6;33914.1;1.5
2023-06-28 01:43:00.518;33915.1;33913.6;1.5
2023-06-28 01:43:02.517;33914.6;33913.1;1.5
2023-06-28 01:43:04.318;33915.1;33913.6;1.5
2023-06-28 01:43:04.617;33914.6;33913.1;1.5
2023-06-28 01:43:07.022;33915.1;33913.6;1.5
2023-06-28 01:43:07.417;33914.6;33913.1;1.5
2023-06-28 01:43:08.930;33915.6;33914.1;1.5
2023-06-28 01:43:11.918;33915.1;33913.6;1.5
2023-06-28 01:43:14.118;33914.6;33913.1;1.5
2023-06-28 01:43:18.321;33915.1;33913.6;1.5
2023-06-28 01:43:18.828;33914.6;33913.1;1.5
2023-06-28 01:43:21.020;33915.1;33913.6;1.5
2023-06-28 01:43:22.318;33914.6;33913.1;1.5
2023-06-28 01:43:22.818;33915.1;33913.6;1.5
2023-06-28 01:43:23.117;33914.6;33913.1;1.5
2023-06-28 01:43:27.417;33915.1;33913.6;1.5
2023-06-28 01:43:27.815;33914.6;33913.1;1.5
2023-06-28 01:43:44.919;33914.1;33912.6;1.5
2023-06-28 01:43:47.520;33913.6;33912.1;1.5
2023-06-28 01:43:48.116;33913.1;33911.6;1.5
2023-06-28 01:43:48.519;33913.6;33912.1;1.5
2023-06-28 01:43:49.027;33913.1;33911.6;1.5
2023-06-28 01:43:53.717;33912.6;33911.1;1.5
2023-06-28 01:43:58.920;33913.1;33911.6;1.5
2023-06-28 01:44:00.125;33912.6;33911.1;1.5
2023-06-28 01:44:00.918;33911.1;33909.6;1.5
2023-06-28 01:44:04.017;33910.6;33909.1;1.5
2023-06-28 01:44:04.516;33910.1;33908.6;1.5
2023-06-28 01:44:04.718;33911.1;33909.6;1.5
2023-06-28 01:44:06.317;33910.6;33909.1;1.5
2023-06-28 01:44:14.122;33911.1;33909.6;1.5
2023-06-28 01:44:15.516;33910.6;33909.1;1.5
2023-06-28 01:44:19.515;33911.1;33909.6;1.5
2023-06-28 01:44:22.416;33911.6;33910.1;1.5
2023-06-28 01:44:22.723;33911.1;33909.6;1.5
2023-06-28 01:44:28.616;33910.6;33909.1;1.5
2023-06-28 01:44:47.517;33910.1;33908.6;1.5
2023-06-28 01:44:55.516;33909.6;33908.1;1.5
2023-06-28 01:44:56.628;33909.1;33907.6;1.5
2023-06-28 01:44:57.125;33908.6;33907.1;1.5
2023-06-28 01:44:59.221;33909.1;33907.6;1.5
2023-06-28 01:44:59.710;33908.6;33907.1;1.5
2023-06-28 01:45:00.319;33909.6;33908.1;1.5
2023-06-28 01:45:01.812;33908.6;33907.1;1.5
2023-06-28 01:45:09.620;33909.1;33907.6;1.5
2023-06-28 01:45:10.017;33909.6;33908.1;1.5
2023-06-28 01:45:38.421;33909.1;33907.6;1.5
2023-06-28 01:45:38.819;33909.6;33908.1;1.5
2023-06-28 01:45:49.318;33910.1;33908.6;1.5
2023-06-28 01:45:52.619;33910.6;33909.1;1.5
2023-06-28 01:45:56.125;33910.1;33908.6;1.5
2023-06-28 01:45:57.525;33910.6;33909.1;1.5
2023-06-28 01:45:58.317;33910.1;33908.6;1.5
2023-06-28 01:45:58.817;33910.6;33909.1;1.5
2023-06-28 01:45:59.423;33910.1;33908.6;1.5
2023-06-28 01:46:00.216;33909.6;33908.1;1.5
2023-06-28 01:46:00.417;33909.1;33907.6;1.5
2023-06-28 01:46:01.526;33909.6;33908.1;1.5
2023-06-28 01:46:04.816;33909.1;33907.6;1.5
2023-06-28 01:46:05.118;33908.6;33907.1;1.5
2023-06-28 01:46:06.223;33907.6;33906.1;1.5
2023-06-28 01:46:06.616;33908.1;33906.6;1.5
2023-06-28 01:46:08.517;33909.1;33907.6;1.5
2023-06-28 01:46:09.118;33909.6;33908.1;1.5
2023-06-28 01:46:35.517;33909.1;33907.6;1.5
2023-06-28 01:46:36.620;33909.6;33908.1;1.5
2023-06-28 01:46:49.619;33908.6;33907.1;1.5
2023-06-28 01:46:50.217;33909.6;33908.1;1.5
2023-06-28 01:46:52.317;33909.1;33907.6;1.5
2023-06-28 01:46:58.218;33908.6;33907.1;1.5
2023-06-28 01:46:58.521;33909.6;33908.1;1.5
2023-06-28 01:47:01.018;33909.1;33907.6;1.5
2023-06-28 01:47:02.417;33909.6;33908.1;1.5
2023-06-28 01:47:06.416;33910.1;33908.6;1.5
2023-06-28 01:47:08.534;33910.6;33909.1;1.5
2023-06-28 01:47:09.616;33910.1;33908.6;1.5
2023-06-28 01:47:11.217;33909.1;33907.6;1.5
2023-06-28 01:47:11.818;33909.6;33908.1;1.5
2023-06-28 01:47:15.018;33910.6;33909.1;1.5
2023-06-28 01:47:19.219;33910.1;33908.6;1.5
2023-06-28 01:47:19.816;33909.6;33908.1;1.5
2023-06-28 01:47:25.017;33910.1;33908.6;1.5
2023-06-28 01:47:33.517;33911.1;33909.6;1.5
2023-06-28 01:47:39.818;33910.6;33909.1;1.5
2023-06-28 01:47:54.717;33910.1;33908.6;1.5
2023-06-28 01:47:54.917;33910.6;33909.1;1.5
2023-06-28 01:48:00.527;33910.1;33908.6;1.5
2023-06-28 01:48:08.517;33910.6;33909.1;1.5
2023-06-28 01:48:13.321;33911.1;33909.6;1.5
2023-06-28 01:48:20.619;33910.6;33909.1;1.5
2023-06-28 01:48:28.919;33911.1;33909.6;1.5
2023-06-28 01:48:29.717;33910.6;33909.1;1.5
2023-06-28 01:48:40.819;33911.1;33909.6;1.5
2023-06-28 01:48:54.617;33912.6;33911.1;1.5
2023-06-28 01:49:00.526;33911.6;33910.1;1.5
2023-06-28 01:49:05.624;33911.1;33909.6;1.5
2023-06-28 01:49:07.421;33911.6;33910.1;1.5
2023-06-28 01:49:10.618;33912.1;33910.6;1.5
2023-06-28 01:49:12.821;33911.6;33910.1;1.5
2023-06-28 01:49:13.817;33912.1;33910.6;1.5
2023-06-28 01:49:15.022;33911.6;33910.1;1.5
2023-06-28 01:49:15.619;33912.1;33910.6;1.5
2023-06-28 01:49:16.915;33912.6;33911.1;1.5
2023-06-28 01:49:20.317;33914.6;33913.1;1.5
2023-06-28 01:49:24.317;33913.6;33912.1;1.5
2023-06-28 01:49:30.517;33913.1;33911.6;1.5
2023-06-28 01:49:30.816;33913.6;33912.1;1.5
2023-06-28 01:49:50.917;33912.6;33911.1;1.5
2023-06-28 01:49:56.317;33911.6;33910.1;1.5
2023-06-28 01:49:58.719;33912.1;33910.6;1.5
2023-06-28 01:49:59.718;33913.1;33911.6;1.5
2023-06-28 01:50:01.221;33912.6;33911.1;1.5
2023-06-28 01:50:07.916;33911.6;33910.1;1.5
2023-06-28 01:50:24.718;33911.1;33909.6;1.5
2023-06-28 01:50:25.117;33910.6;33909.1;1.5
2023-06-28 01:50:39.017;33909.1;33907.6;1.5
2023-06-28 01:50:40.516;33908.6;33907.1;1.5
2023-06-28 01:50:58.016;33908.1;33906.6;1.5
2023-06-28 01:50:58.320;33907.6;33906.1;1.5
2023-06-28 01:51:00.417;33908.1;33906.6;1.5
2023-06-28 01:51:00.617;33907.6;33906.1;1.5
2023-06-28 01:51:08.417;33909.1;33907.6;1.5
2023-06-28 01:51:08.726;33909.6;33908.1;1.5
2023-06-28 01:51:11.518;33909.1;33907.6;1.5
2023-06-28 01:51:13.321;33908.6;33907.1;1.5
2023-06-28 01:51:14.519;33908.1;33906.6;1.5
2023-06-28 01:51:17.918;33908.6;33907.1;1.5
2023-06-28 01:51:24.086;33909.6;33908.1;1.5
2023-06-28 01:51:47.217;33909.1;33907.6;1.5
2023-06-28 01:51:47.709;33908.6;33907.1;1.5
2023-06-28 01:51:52.317;33908.1;33906.6;1.5
2023-06-28 01:51:57.617;33907.6;33906.1;1.5
2023-06-28 01:52:03.817;33908.1;33906.6;1.5
2023-06-28 01:52:04.618;33908.6;33907.1;1.5
2023-06-28 01:52:10.416;33908.1;33906.6;1.5
2023-06-28 01:52:14.222;33908.6;33907.1;1.5
2023-06-28 01:52:16.618;33908.1;33906.6;1.5
2023-06-28 01:52:18.017;33907.6;33906.1;1.5
2023-06-28 01:52:28.216;33905.1;33903.6;1.5
2023-06-28 01:52:33.616;33904.6;33903.1;1.5
2023-06-28 01:52:34.518;33905.1;33903.6;1.5
2023-06-28 01:52:39.519;33906.1;33904.6;1.5
2023-06-28 01:52:41.016;33906.6;33905.1;1.5
2023-06-28 01:52:44.517;33907.1;33905.6;1.5
2023-06-28 01:52:47.618;33906.6;33905.1;1.5
2023-06-28 01:52:57.617;33906.1;33904.6;1.5
2023-06-28 01:52:57.818;33905.6;33904.1;1.5
2023-06-28 01:53:01.617;33905.1;33903.6;1.5
2023-06-28 01:53:07.022;33905.6;33904.1;1.5
2023-06-28 01:53:19.517;33905.1;33903.6;1.5
2023-06-28 01:53:22.416;33904.6;33903.1;1.5
2023-06-28 01:53:22.723;33904.1;33902.6;1.5
2023-06-28 01:53:25.427;33904.6;33903.1;1.5
2023-06-28 01:53:29.317;33905.1;33903.6;1.5
2023-06-28 01:53:31.124;33904.6;33903.1;1.5
2023-06-28 01:53:31.517;33905.1;33903.6;1.5
2023-06-28 01:53:32.017;33905.6;33904.1;1.5
2023-06-28 01:53:33.116;33905.1;33903.6;1.5
2023-06-28 01:53:33.918;33905.6;33904.1;1.5
2023-06-28 01:53:54.817;33905.1;33903.6;1.5
2023-06-28 01:53:55.229;33904.6;33903.1;1.5
2023-06-28 01:53:59.918;33905.1;33903.6;1.5
2023-06-28 01:54:02.916;33904.6;33903.1;1.5
2023-06-28 01:54:03.517;33905.1;33903.6;1.5
2023-06-28 01:54:09.123;33905.6;33904.1;1.5
2023-06-28 01:54:13.316;33903.6;33902.1;1.5
2023-06-28 01:54:26.518;33904.1;33902.6;1.5
2023-06-28 01:54:26.816;33903.6;33902.1;1.5
2023-06-28 01:54:40.124;33904.6;33903.1;1.5
2023-06-28 01:54:43.617;33903.6;33902.1;1.5
2023-06-28 01:54:44.116;33904.6;33903.1;1.5
2023-06-28 01:54:51.418;33903.6;33902.1;1.5
2023-06-28 01:54:51.716;33904.1;33902.6;1.5
2023-06-28 01:54:51.917;33908.1;33906.6;1.5
2023-06-28 01:54:52.118;33907.6;33906.1;1.5
2023-06-28 01:54:53.018;33908.6;33907.1;1.5
2023-06-28 01:54:53.218;33908.1;33906.6;1.5
2023-06-28 01:54:53.608;33908.6;33907.1;1.5
2023-06-28 01:54:53.917;33908.1;33906.6;1.5
2023-06-28 01:54:55.024;33908.6;33907.1;1.5
2023-06-28 01:54:56.029;33908.1;33906.6;1.5
2023-06-28 01:54:56.716;33907.6;33906.1;1.5
2023-06-28 01:54:59.016;33908.1;33906.6;1.5
2023-06-28 01:55:01.219;33907.6;33906.1;1.5
2023-06-28 01:55:10.817;33906.6;33905.1;1.5
2023-06-28 01:55:17.017;33906.1;33904.6;1.5
2023-06-28 01:55:19.518;33905.6;33904.1;1.5
2023-06-28 01:55:44.520;33904.6;33903.1;1.5
2023-06-28 01:55:45.717;33904.1;33902.6;1.5
2023-06-28 01:55:50.518;33905.1;33903.6;1.5
2023-06-28 01:55:52.817;33905.6;33904.1;1.5
2023-06-28 01:55:53.118;33906.1;33904.6;1.5
2023-06-28 01:55:55.632;33906.6;33905.1;1.5
2023-06-28 01:56:33.716;33905.6;33904.1;1.5
2023-06-28 01:56:38.416;33906.6;33905.1;1.5
2023-06-28 01:56:51.518;33905.6;33904.1;1.5
2023-06-28 01:57:02.019;33906.1;33904.6;1.5
2023-06-28 01:57:03.126;33905.6;33904.1;1.5
2023-06-28 01:57:03.516;33906.1;33904.6;1.5
2023-06-28 01:57:05.116;33905.6;33904.1;1.5
2023-06-28 01:57:11.117;33904.6;33903.1;1.5
2023-06-28 01:57:21.019;33905.1;33903.6;1.5
2023-06-28 01:57:29.230;33904.6;33903.1;1.5
2023-06-28 01:57:30.217;33905.1;33903.6;1.5
2023-06-28 01:57:36.518;33905.6;33904.1;1.5
2023-06-28 01:57:52.221;33906.6;33905.1;1.5
2023-06-28 01:58:14.020;33905.1;33903.6;1.5
2023-06-28 01:58:15.218;33905.6;33904.1;1.5
2023-06-28 01:58:25.017;33904.6;33903.1;1.5
2023-06-28 01:58:26.017;33904.1;33902.6;1.5
2023-06-28 01:58:35.818;33903.6;33902.1;1.5
2023-06-28 01:58:48.519;33902.6;33901.1;1.5
2023-06-28 01:59:16.016;33903.1;33901.6;1.5
2023-06-28 01:59:17.417;33902.6;33901.1;1.5
2023-06-28 01:59:56.618;33903.1;33901.6;1.5
2023-06-28 01:59:56.918;33902.6;33901.1;1.5
2023-06-28 02:00:00.127;33903.1;33901.6;1.5
2023-06-28 02:00:00.416;33902.1;33900.6;1.5
2023-06-28 02:00:00.621;33902.6;33901.1;1.5
2023-06-28 02:00:04.116;33903.1;33901.6;1.5
2023-06-28 02:00:04.317;33902.6;33901.1;1.5
2023-06-28 02:00:05.118;33903.1;33901.6;1.5
2023-06-28 02:00:05.616;33902.6;33901.1;1.5
2023-06-28 02:00:08.128;33903.6;33902.1;1.5
2023-06-28 02:00:09.517;33904.6;33903.1;1.5
2023-06-28 02:00:09.917;33904.1;33902.6;1.5
2023-06-28 02:00:10.717;33904.6;33903.1;1.5
2023-06-28 02:00:12.516;33904.1;33902.6;1.5
2023-06-28 02:00:15.818;33904.6;33903.1;1.5
2023-06-28 02:00:16.617;33904.1;33902.6;1.5
2023-06-28 02:00:18.618;33903.6;33902.1;1.5
2023-06-28 02:00:22.216;33902.6;33901.1;1.5
2023-06-28 02:00:25.624;33903.1;33901.6;1.5
2023-06-28 02:00:32.644;33902.6;33901.1;1.5
2023-06-28 02:00:37.019;33903.1;33901.6;1.5
2023-06-28 02:00:38.620;33902.6;33901.1;1.5
2023-06-28 02:00:39.517;33903.1;33901.6;1.5
2023-06-28 02:00:41.018;33903.6;33902.1;1.5
2023-06-28 02:01:07.116;33902.1;33900.6;1.5
2023-06-28 02:01:09.017;33901.1;33899.6;1.5
2023-06-28 02:01:11.417;33901.6;33900.1;1.5
2023-06-28 02:01:21.417;33902.1;33900.6;1.5
2023-06-28 02:01:21.707;33902.6;33901.1;1.5
2023-06-28 02:01:23.817;33903.1;33901.6;1.5
2023-06-28 02:01:28.616;33902.6;33901.1;1.5
2023-06-28 02:01:30.319;33903.1;33901.6;1.5
2023-06-28 02:01:31.316;33902.6;33901.1;1.5
2023-06-28 02:01:33.521;33903.1;33901.6;1.5
2023-06-28 02:01:34.419;33902.6;33901.1;1.5
2023-06-28 02:01:35.019;33903.1;33901.6;1.5
2023-06-28 02:01:41.519;33902.6;33901.1;1.5
2023-06-28 02:01:52.817;33902.1;33900.6;1.5
2023-06-28 02:01:57.521;33901.6;33900.1;1.5
2023-06-28 02:02:07.316;33902.1;33900.6;1.5
2023-06-28 02:02:07.917;33901.6;33900.1;1.5
2023-06-28 02:02:35.323;33902.1;33900.6;1.5
2023-06-28 02:02:40.216;33902.6;33901.1;1.5
2023-06-28 02:02:43.718;33901.6;33900.1;1.5
2023-06-28 02:02:51.916;33902.1;33900.6;1.5
2023-06-28 02:02:52.516;33901.6;33900.1;1.5
2023-06-28 02:02:56.816;33901.1;33899.6;1.5
2023-06-28 02:02:57.516;33901.6;33900.1;1.5
2023-06-28 02:02:58.019;33901.1;33899.6;1.5
2023-06-28 02:02:59.132;33901.6;33900.1;1.5
2023-06-28 02:03:06.116;33902.1;33900.6;1.5
2023-06-28 02:03:19.316;33902.6;33901.1;1.5
2023-06-28 02:03:25.719;33903.1;33901.6;1.5
2023-06-28 02:03:26.119;33902.6;33901.1;1.5
2023-06-28 02:03:34.722;33901.6;33900.1;1.5
2023-06-28 02:03:35.117;33902.6;33901.1;1.5
2023-06-28 02:03:38.216;33902.1;33900.6;1.5
2023-06-28 02:03:47.118;33901.6;33900.1;1.5
2023-06-28 02:03:52.417;33902.1;33900.6;1.5
2023-06-28 02:04:05.519;33902.6;33901.1;1.5
2023-06-28 02:04:17.518;33901.6;33900.1;1.5
2023-06-28 02:04:23.123;33901.1;33899.6;1.5
2023-06-28 02:04:30.417;33901.6;33900.1;1.5
2023-06-28 02:04:59.419;33902.1;33900.6;1.5
2023-06-28 02:05:02.128;33902.6;33901.1;1.5
2023-06-28 02:05:10.517;33903.1;33901.6;1.5
2023-06-28 02:05:24.038;33902.6;33901.1;1.5
2023-06-28 02:05:25.916;33903.1;33901.6;1.5
2023-06-28 02:05:27.516;33902.6;33901.1;1.5
2023-06-28 02:05:28.017;33902.1;33900.6;1.5
2023-06-28 02:05:34.919;33902.6;33901.1;1.5
2023-06-28 02:05:37.817;33903.1;33901.6;1.5
2023-06-28 02:05:45.117;33902.6;33901.1;1.5
2023-06-28 02:05:47.917;33903.1;33901.6;1.5
2023-06-28 02:05:48.416;33902.6;33901.1;1.5
2023-06-28 02:05:52.416;33903.6;33902.1;1.5
2023-06-28 02:05:57.724;33903.1;33901.6;1.5
2023-06-28 02:06:00.521;33902.6;33901.1;1.5
2023-06-28 02:06:04.527;33903.6;33902.1;1.5
2023-06-28 02:06:05.217;33904.1;33902.6;1.5
2023-06-28 02:06:14.028;33903.6;33902.1;1.5
2023-06-28 02:06:19.516;33903.1;33901.6;1.5
2023-06-28 02:06:21.919;33903.6;33902.1;1.5
2023-06-28 02:06:27.117;33904.1;33902.6;1.5
2023-06-28 02:06:29.426;33904.6;33903.1;1.5
2023-06-28 02:06:30.316;33905.1;33903.6;1.5
2023-06-28 02:06:34.317;33904.6;33903.1;1.5
2023-06-28 02:06:35.518;33905.1;33903.6;1.5
2023-06-28 02:06:36.510;33905.6;33904.1;1.5
2023-06-28 02:06:51.318;33904.6;33903.1;1.5
2023-06-28 02:06:53.317;33904.1;33902.6;1.5
2023-06-28 02:06:53.716;33904.6;33903.1;1.5
2023-06-28 02:06:54.820;33904.1;33902.6;1.5
2023-06-28 02:07:01.819;33904.6;33903.1;1.5
2023-06-28 02:07:13.042;33904.1;33902.6;1.5
2023-06-28 02:07:26.516;33903.1;33901.6;1.5
2023-06-28 02:07:35.216;33903.6;33902.1;1.5
2023-06-28 02:07:36.017;33903.1;33901.6;1.5
2023-06-28 02:07:37.127;33903.6;33902.1;1.5
2023-06-28 02:07:38.307;33903.1;33901.6;1.5
2023-06-28 02:07:40.116;33903.6;33902.1;1.5
2023-06-28 02:07:40.317;33903.1;33901.6;1.5
2023-06-28 02:07:41.119;33903.6;33902.1;1.5
2023-06-28 02:07:41.816;33903.1;33901.6;1.5
2023-06-28 02:07:42.316;33903.6;33902.1;1.5
2023-06-28 02:07:44.811;33904.1;33902.6;1.5
2023-06-28 02:07:46.432;33903.6;33902.1;1.5
2023-06-28 02:07:46.717;33904.1;33902.6;1.5
2023-06-28 02:07:47.822;33903.6;33902.1;1.5
2023-06-28 02:07:50.003;33904.1;33902.6;1.5
2023-06-28 02:07:52.917;33903.6;33902.1;1.5
2023-06-28 02:07:54.816;33904.1;33902.6;1.5
2023-06-28 02:07:59.416;33904.6;33903.1;1.5
2023-06-28 02:08:01.227;33905.1;33903.6;1.5
2023-06-28 02:08:03.016;33904.6;33903.1;1.5
2023-06-28 02:08:08.527;33904.1;33902.6;1.5
2023-06-28 02:08:09.522;33904.6;33903.1;1.5
2023-06-28 02:08:11.119;33904.1;33902.6;1.5
2023-06-28 02:08:16.615;33904.6;33903.1;1.5
2023-06-28 02:08:17.117;33904.1;33902.6;1.5
2023-06-28 02:08:20.617;33903.6;33902.1;1.5
2023-06-28 02:08:23.316;33903.1;33901.6;1.5
2023-06-28 02:08:25.016;33902.6;33901.1;1.5
2023-06-28 02:08:30.317;33902.1;33900.6;1.5
2023-06-28 02:08:30.818;33902.6;33901.1;1.5
2023-06-28 02:08:31.418;33902.1;33900.6;1.5
2023-06-28 02:08:34.616;33902.6;33901.1;1.5
2023-06-28 02:08:37.119;33903.1;33901.6;1.5
2023-06-28 02:08:43.218;33903.6;33902.1;1.5
2023-06-28 02:08:43.517;33903.1;33901.6;1.5
2023-06-28 02:08:46.518;33903.6;33902.1;1.5
2023-06-28 02:08:49.217;33904.1;33902.6;1.5
2023-06-28 02:08:51.416;33903.6;33902.1;1.5
2023-06-28 02:08:51.722;33904.1;33902.6;1.5
2023-06-28 02:08:57.616;33903.6;33902.1;1.5
2023-06-28 02:09:00.317;33904.1;33902.6;1.5
2023-06-28 02:09:00.817;33903.6;33902.1;1.5
2023-06-28 02:09:03.316;33904.1;33902.6;1.5
2023-06-28 02:09:06.117;33903.6;33902.1;1.5
2023-06-28 02:09:20.817;33903.1;33901.6;1.5
2023-06-28 02:09:34.719;33902.1;33900.6;1.5
2023-06-28 02:09:35.216;33902.6;33901.1;1.5
2023-06-28 02:09:35.816;33903.1;33901.6;1.5
2023-06-28 02:09:36.517;33902.6;33901.1;1.5
2023-06-28 02:09:36.816;33902.1;33900.6;1.5
2023-06-28 02:09:37.116;33902.6;33901.1;1.5
2023-06-28 02:09:37.516;33902.1;33900.6;1.5
2023-06-28 02:09:46.699;33902.6;33901.1;1.5
2023-06-28 02:09:47.115;33903.1;33901.6;1.5
2023-06-28 02:09:49.522;33902.6;33901.1;1.5
2023-06-28 02:09:50.517;33902.1;33900.6;1.5
2023-06-28 02:09:59.516;33901.6;33900.1;1.5
2023-06-28 02:10:00.917;33902.1;33900.6;1.5
2023-06-28 02:10:02.122;33901.6;33900.1;1.5
2023-06-28 02:10:02.918;33902.1;33900.6;1.5
2023-06-28 02:10:10.617;33903.1;33901.6;1.5
2023-06-28 02:10:11.720;33902.6;33901.1;1.5
2023-06-28 02:10:13.117;33903.1;33901.6;1.5
2023-06-28 02:10:14.017;33902.6;33901.1;1.5
2023-06-28 02:10:15.124;33903.6;33902.1;1.5
2023-06-28 02:10:16.713;33903.1;33901.6;1.5
2023-06-28 02:11:05.718;33903.6;33902.1;1.5
2023-06-28 02:11:12.218;33903.1;33901.6;1.5
2023-06-28 02:11:15.116;33903.6;33902.1;1.5
2023-06-28 02:11:15.617;33903.1;33901.6;1.5
2023-06-28 02:11:16.115;33903.6;33902.1;1.5
2023-06-28 02:11:24.119;33903.1;33901.6;1.5
2023-06-28 02:11:26.916;33902.6;33901.1;1.5
2023-06-28 02:11:27.916;33903.1;33901.6;1.5
2023-06-28 02:11:33.618;33903.6;33902.1;1.5
2023-06-28 02:11:36.919;33903.1;33901.6;1.5
2023-06-28 02:11:38.623;33902.6;33901.1;1.5
2023-06-28 02:11:42.522;33902.1;33900.6;1.5
2023-06-28 02:11:47.717;33902.6;33901.1;1.5
2023-06-28 02:11:50.817;33902.1;33900.6;1.5
2023-06-28 02:11:59.817;33902.6;33901.1;1.5
2023-06-28 02:12:06.220;33899.1;33897.6;1.5
2023-06-28 02:12:07.618;33899.6;33898.1;1.5
2023-06-28 02:12:14.517;33900.1;33898.6;1.5
2023-06-28 02:12:16.117;33900.6;33899.1;1.5
2023-06-28 02:12:18.421;33900.1;33898.6;1.5
2023-06-28 02:12:21.021;33900.6;33899.1;1.5
2023-06-28 02:12:26.517;33901.1;33899.6;1.5
2023-06-28 02:12:27.021;33901.6;33900.1;1.5
2023-06-28 02:12:31.416;33901.1;33899.6;1.5
2023-06-28 02:12:31.627;33901.6;33900.1;1.5
2023-06-28 02:12:33.118;33901.1;33899.6;1.5
2023-06-28 02:12:34.423;33901.6;33900.1;1.5
2023-06-28 02:12:34.822;33901.1;33899.6;1.5
2023-06-28 02:12:35.816;33901.6;33900.1;1.5
2023-06-28 02:12:36.921;33901.1;33899.6;1.5
2023-06-28 02:12:38.617;33901.6;33900.1;1.5
2023-06-28 02:12:40.714;33901.1;33899.6;1.5
2023-06-28 02:12:45.618;33901.6;33900.1;1.5
2023-06-28 02:12:46.210;33901.1;33899.6;1.5
2023-06-28 02:12:47.519;33901.6;33900.1;1.5
2023-06-28 02:12:48.318;33902.1;33900.6;1.5
2023-06-28 02:12:48.626;33901.6;33900.1;1.5
2023-06-28 02:12:50.020;33902.6;33901.1;1.5
2023-06-28 02:12:51.816;33902.1;33900.6;1.5
2023-06-28 02:12:54.416;33901.6;33900.1;1.5
2023-06-28 02:12:55.128;33902.1;33900.6;1.5
2023-06-28 02:13:00.622;33901.6;33900.1;1.5
2023-06-28 02:13:06.022;33902.1;33900.6;1.5
2023-06-28 02:13:08.517;33902.6;33901.1;1.5
2023-06-28 02:13:10.920;33903.1;33901.6;1.5
2023-06-28 02:13:18.524;33903.6;33902.1;1.5
2023-06-28 02:13:20.129;33903.1;33901.6;1.5
2023-06-28 02:13:22.116;33903.6;33902.1;1.5
2023-06-28 02:13:30.723;33904.1;33902.6;1.5
2023-06-28 02:13:34.988;33903.6;33902.1;1.5
2023-06-28 02:13:45.117;33903.1;33901.6;1.5
2023-06-28 02:13:45.417;33902.6;33901.1;1.5
2023-06-28 02:13:54.917;33902.1;33900.6;1.5
2023-06-28 02:13:55.818;33901.1;33899.6;1.5
2023-06-28 02:13:56.116;33901.6;33900.1;1.5
2023-06-28 02:13:57.023;33900.6;33899.1;1.5
2023-06-28 02:14:30.429;33901.6;33900.1;1.5
2023-06-28 02:14:30.917;33900.6;33899.1;1.5
2023-06-28 02:14:34.418;33901.6;33900.1;1.5
2023-06-28 02:14:34.916;33900.6;33899.1;1.5
2023-06-28 02:14:35.818;33901.1;33899.6;1.5
2023-06-28 02:14:37.620;33900.6;33899.1;1.5
2023-06-28 02:14:38.018;33901.6;33900.1;1.5
2023-06-28 02:14:38.329;33900.6;33899.1;1.5
2023-06-28 02:14:41.516;33901.1;33899.6;1.5
2023-06-28 02:14:53.916;33901.6;33900.1;1.5
2023-06-28 02:14:57.116;33901.1;33899.6;1.5
2023-06-28 02:14:57.727;33900.6;33899.1;1.5
2023-06-28 02:15:00.819;33901.1;33899.6;1.5
2023-06-28 02:15:01.020;33900.6;33899.1;1.5
2023-06-28 02:15:02.517;33901.1;33899.6;1.5
2023-06-28 02:15:03.916;33901.6;33900.1;1.5
2023-06-28 02:15:06.922;33901.1;33899.6;1.5
2023-06-28 02:15:13.116;33901.6;33900.1;1.5
2023-06-28 02:15:21.619;33902.1;33900.6;1.5
2023-06-28 02:15:26.916;33901.1;33899.6;1.5
2023-06-28 02:15:34.916;33901.6;33900.1;1.5
2023-06-28 02:15:58.711;33901.1;33899.6;1.5
2023-06-28 02:16:00.721;33901.6;33900.1;1.5
2023-06-28 02:16:01.419;33900.6;33899.1;1.5
2023-06-28 02:16:01.720;33900.1;33898.6;1.5
2023-06-28 02:16:02.919;33899.6;33898.1;1.5
2023-06-28 02:16:04.917;33899.1;33897.6;1.5
2023-06-28 02:16:06.220;33899.6;33898.1;1.5
2023-06-28 02:16:11.937;33899.1;33897.6;1.5
2023-06-28 02:16:14.319;33898.6;33897.1;1.5
2023-06-28 02:16:17.216;33898.1;33896.6;1.5
2023-06-28 02:16:17.516;33897.6;33896.1;1.5
2023-06-28 02:16:32.018;33898.1;33896.6;1.5
2023-06-28 02:16:35.116;33897.6;33896.1;1.5
2023-06-28 02:16:40.409;33898.1;33896.6;1.5
2023-06-28 02:16:46.717;33898.6;33897.1;1.5
2023-06-28 02:16:53.617;33899.6;33898.1;1.5
2023-06-28 02:17:03.423;33898.1;33896.6;1.5
2023-06-28 02:17:04.016;33898.6;33897.1;1.5
2023-06-28 02:17:05.216;33898.1;33896.6;1.5
2023-06-28 02:17:06.417;33898.6;33897.1;1.5
2023-06-28 02:17:08.918;33899.1;33897.6;1.5
2023-06-28 02:17:09.516;33898.6;33897.1;1.5
2023-06-28 02:17:10.820;33898.1;33896.6;1.5
2023-06-28 02:17:12.617;33898.6;33897.1;1.5
2023-06-28 02:17:18.816;33898.1;33896.6;1.5
2023-06-28 02:17:20.021;33897.1;33895.6;1.5
2023-06-28 02:17:22.519;33896.6;33895.1;1.5
2023-06-28 02:17:24.016;33897.6;33896.1;1.5
2023-06-28 02:17:42.624;33897.1;33895.6;1.5
2023-06-28 02:17:50.030;33898.6;33897.1;1.5
2023-06-28 02:17:55.618;33898.1;33896.6;1.5
2023-06-28 02:17:56.926;33898.6;33897.1;1.5
2023-06-28 02:18:01.417;33898.1;33896.6;1.5
2023-06-28 02:18:02.017;33897.6;33896.1;1.5
2023-06-28 02:18:02.217;33896.6;33895.1;1.5
2023-06-28 02:18:12.629;33897.6;33896.1;1.5
2023-06-28 02:18:40.216;33897.1;33895.6;1.5
2023-06-28 02:18:40.616;33897.6;33896.1;1.5
2023-06-28 02:18:52.922;33898.6;33897.1;1.5
2023-06-28 02:19:44.623;33899.1;33897.6;1.5
2023-06-28 02:19:47.525;33898.6;33897.1;1.5
2023-06-28 02:19:47.916;33899.1;33897.6;1.5
2023-06-28 02:19:48.516;33898.6;33897.1;1.5
2023-06-28 02:20:04.519;33897.6;33896.1;1.5
2023-06-28 02:20:15.222;33898.1;33896.6;1.5
2023-06-28 02:20:23.418;33898.6;33897.1;1.5
2023-06-28 02:20:36.003;33899.1;33897.6;1.5
2023-06-28 02:20:36.222;33898.6;33897.1;1.5
2023-06-28 02:21:04.424;33899.1;33897.6;1.5
2023-06-28 02:21:06.508;33898.6;33897.1;1.5
2023-06-28 02:21:12.218;33899.6;33898.1;1.5
2023-06-28 02:21:13.918;33899.1;33897.6;1.5
2023-06-28 02:21:17.029;33898.6;33897.1;1.5
2023-06-28 02:21:34.017;33897.6;33896.1;1.5
2023-06-28 02:21:41.318;33899.6;33898.1;1.5
2023-06-28 02:22:02.722;33898.6;33897.1;1.5
2023-06-28 02:22:05.017;33899.1;33897.6;1.5
2023-06-28 02:22:07.322;33899.6;33898.1;1.5
2023-06-28 02:22:08.821;33900.6;33899.1;1.5
2023-06-28 02:22:13.216;33899.6;33898.1;1.5
2023-06-28 02:22:21.217;33898.6;33897.1;1.5
2023-06-28 02:22:21.519;33899.1;33897.6;1.5
2023-06-28 02:22:23.621;33898.6;33897.1;1.5
2023-06-28 02:22:25.223;33899.1;33897.6;1.5
2023-06-28 02:22:29.816;33899.6;33898.1;1.5
2023-06-28 02:23:03.518;33898.1;33896.6;1.5
2023-06-28 02:23:03.819;33898.6;33897.1;1.5
2023-06-28 02:23:06.517;33899.1;33897.6;1.5
2023-06-28 02:23:07.510;33898.6;33897.1;1.5
2023-06-28 02:23:08.018;33899.6;33898.1;1.5
2023-06-28 02:23:48.116;33899.1;33897.6;1.5
2023-06-28 02:23:48.920;33899.6;33898.1;1.5
2023-06-28 02:23:57.820;33898.6;33897.1;1.5
2023-06-28 02:24:10.413;33898.1;33896.6;1.5
2023-06-28 02:24:10.617;33897.6;33896.1;1.5
2023-06-28 02:24:13.318;33898.6;33897.1;1.5
2023-06-28 02:24:15.016;33897.6;33896.1;1.5
2023-06-28 02:24:16.218;33898.6;33897.1;1.5
2023-06-28 02:24:24.416;33899.1;33897.6;1.5
2023-06-28 02:24:26.231;33899.6;33898.1;1.5
2023-06-28 02:24:31.018;33900.1;33898.6;1.5
2023-06-28 02:24:34.921;33899.6;33898.1;1.5
2023-06-28 02:24:35.332;33900.6;33899.1;1.5
2023-06-28 02:24:45.016;33899.6;33898.1;1.5
2023-06-28 02:24:45.617;33900.1;33898.6;1.5
2023-06-28 02:24:46.513;33899.6;33898.1;1.5
2023-06-28 02:24:53.418;33900.1;33898.6;1.5
2023-06-28 02:25:07.028;33900.6;33899.1;1.5
2023-06-28 02:25:18.016;33901.1;33899.6;1.5
2023-06-28 02:25:19.424;33900.6;33899.1;1.5
2023-06-28 02:25:25.019;33899.6;33898.1;1.5
2023-06-28 02:25:27.415;33900.1;33898.6;1.5
2023-06-28 02:25:27.718;33900.6;33899.1;1.5
2023-06-28 02:25:35.018;33900.1;33898.6;1.5
2023-06-28 02:25:36.420;33900.6;33899.1;1.5
2023-06-28 02:25:43.720;33900.1;33898.6;1.5
2023-06-28 02:25:47.116;33899.6;33898.1;1.5
2023-06-28 02:25:52.818;33899.1;33897.6;1.5
2023-06-28 02:25:53.124;33899.6;33898.1;1.5
2023-06-28 02:25:58.415;33900.1;33898.6;1.5
2023-06-28 02:26:14.718;33900.6;33899.1;1.5
2023-06-28 02:26:17.217;33902.1;33900.6;1.5
2023-06-28 02:26:27.117;33902.6;33901.1;1.5
2023-06-28 02:26:38.620;33902.1;33900.6;1.5
2023-06-28 02:26:39.323;33902.6;33901.1;1.5
2023-06-28 02:26:49.224;33903.1;33901.6;1.5
2023-06-28 02:26:54.626;33902.6;33901.1;1.5
2023-06-28 02:26:57.716;33903.1;33901.6;1.5
2023-06-28 02:27:00.119;33902.6;33901.1;1.5
2023-06-28 02:27:05.812;33903.1;33901.6;1.5
2023-06-28 02:27:06.518;33902.6;33901.1;1.5
2023-06-28 02:27:07.122;33903.1;33901.6;1.5
2023-06-28 02:27:10.716;33902.6;33901.1;1.5
2023-06-28 02:27:22.033;33902.1;33900.6;1.5
2023-06-28 02:27:22.320;33902.6;33901.1;1.5
2023-06-28 02:27:24.221;33902.1;33900.6;1.5
2023-06-28 02:27:35.418;33902.6;33901.1;1.5
2023-06-28 02:27:41.317;33902.1;33900.6;1.5
2023-06-28 02:27:44.118;33903.1;33901.6;1.5
2023-06-28 02:27:46.823;33903.6;33902.1;1.5
2023-06-28 02:27:52.047;33903.1;33901.6;1.5
2023-06-28 02:27:55.016;33903.6;33902.1;1.5
2023-06-28 02:27:56.517;33903.1;33901.6;1.5
2023-06-28 02:28:00.323;33902.6;33901.1;1.5
2023-06-28 02:28:06.523;33903.1;33901.6;1.5
2023-06-28 02:28:08.017;33903.6;33902.1;1.5
2023-06-28 02:28:12.919;33903.1;33901.6;1.5
2023-06-28 02:28:13.216;33902.6;33901.1;1.5
2023-06-28 02:28:29.917;33904.6;33903.1;1.5
2023-06-28 02:28:37.737;33905.1;33903.6;1.5
2023-06-28 02:28:39.405;33904.6;33903.1;1.5
2023-06-28 02:28:42.018;33905.1;33903.6;1.5
2023-06-28 02:28:43.819;33904.6;33903.1;1.5
2023-06-28 02:28:45.419;33903.6;33902.1;1.5
2023-06-28 02:28:47.217;33904.1;33902.6;1.5
2023-06-28 02:28:48.521;33903.6;33902.1;1.5
2023-06-28 02:28:56.918;33904.1;33902.6;1.5
2023-06-28 02:28:57.410;33903.6;33902.1;1.5
2023-06-28 02:29:00.217;33904.1;33902.6;1.5
2023-06-28 02:29:02.924;33904.6;33903.1;1.5
2023-06-28 02:29:06.721;33905.1;33903.6;1.5
2023-06-28 02:29:07.425;33904.6;33903.1;1.5
2023-06-28 02:29:12.915;33905.1;33903.6;1.5
2023-06-28 02:29:14.038;33905.6;33904.1;1.5
2023-06-28 02:29:28.516;33905.1;33903.6;1.5
2023-06-28 02:29:32.217;33906.1;33904.6;1.5
2023-06-28 02:29:38.218;33905.6;33904.1;1.5
2023-06-28 02:29:53.122;33905.1;33903.6;1.5
2023-06-28 02:29:53.519;33904.6;33903.1;1.5
2023-06-28 02:29:54.416;33905.1;33903.6;1.5
2023-06-28 02:29:55.116;33906.6;33905.1;1.5
2023-06-28 02:29:57.217;33905.6;33904.1;1.5
2023-06-28 02:30:00.418;33905.1;33903.6;1.5
2023-06-28 02:30:00.721;33906.1;33904.6;1.5
2023-06-28 02:30:01.717;33906.6;33905.1;1.5
2023-06-28 02:30:03.425;33906.1;33904.6;1.5
2023-06-28 02:30:04.318;33905.6;33904.1;1.5
2023-06-28 02:30:07.916;33905.1;33903.6;1.5
2023-06-28 02:30:10.616;33905.6;33904.1;1.5
2023-06-28 02:30:31.718;33906.6;33905.1;1.5
2023-06-28 02:30:40.018;33906.1;33904.6;1.5
2023-06-28 02:30:40.423;33905.6;33904.1;1.5
2023-06-28 02:30:41.323;33905.1;33903.6;1.5
2023-06-28 02:30:42.922;33905.6;33904.1;1.5
2023-06-28 02:30:44.922;33905.1;33903.6;1.5
2023-06-28 02:30:49.526;33905.6;33904.1;1.5
2023-06-28 02:31:02.924;33906.1;33904.6;1.5
2023-06-28 02:31:06.220;33905.6;33904.1;1.5
2023-06-28 02:31:16.717;33905.1;33903.6;1.5
2023-06-28 02:31:18.717;33904.6;33903.1;1.5
2023-06-28 02:31:27.016;33904.1;33902.6;1.5
2023-06-28 02:31:40.818;33904.6;33903.1;1.5
2023-06-28 02:31:54.116;33905.1;33903.6;1.5
2023-06-28 02:32:02.117;33905.6;33904.1;1.5
2023-06-28 02:32:27.917;33906.1;33904.6;1.5
2023-06-28 02:32:28.319;33906.6;33905.1;1.5
2023-06-28 02:32:31.026;33907.1;33905.6;1.5
2023-06-28 02:32:37.633;33907.6;33906.1;1.5
2023-06-28 02:32:38.517;33908.1;33906.6;1.5
2023-06-28 02:32:39.222;33907.6;33906.1;1.5
2023-06-28 02:32:42.919;33908.1;33906.6;1.5
2023-06-28 02:32:43.517;33907.6;33906.1;1.5
2023-06-28 02:32:50.618;33908.1;33906.6;1.5
2023-06-28 02:32:55.518;33907.6;33906.1;1.5
2023-06-28 02:33:02.818;33908.1;33906.6;1.5
2023-06-28 02:34:02.317;33909.1;33907.6;1.5
2023-06-28 02:34:10.417;33910.1;33908.6;1.5
2023-06-28 02:34:22.217;33911.1;33909.6;1.5
2023-06-28 02:34:26.419;33912.6;33911.1;1.5
2023-06-28 02:34:26.717;33913.1;33911.6;1.5
2023-06-28 02:34:28.617;33912.6;33911.1;1.5
2023-06-28 02:34:36.218;33913.1;33911.6;1.5
2023-06-28 02:34:36.819;33912.6;33911.1;1.5
2023-06-28 02:34:37.121;33913.1;33911.6;1.5
2023-06-28 02:34:37.517;33912.6;33911.1;1.5
2023-06-28 02:34:38.016;33913.1;33911.6;1.5
2023-06-28 02:34:38.617;33912.6;33911.1;1.5
2023-06-28 02:34:38.916;33913.1;33911.6;1.5
2023-06-28 02:34:39.318;33912.6;33911.1;1.5
2023-06-28 02:34:41.421;33912.1;33910.6;1.5
2023-06-28 02:35:03.617;33912.6;33911.1;1.5
2023-06-28 02:35:09.221;33912.1;33910.6;1.5
2023-06-28 02:35:17.218;33913.1;33911.6;1.5
2023-06-28 02:35:22.016;33912.6;33911.1;1.5
2023-06-28 02:35:33.417;33912.1;33910.6;1.5
2023-06-28 02:35:38.515;33911.6;33910.1;1.5
2023-06-28 02:35:39.919;33912.1;33910.6;1.5
2023-06-28 02:35:40.320;33911.6;33910.1;1.5
2023-06-28 02:35:51.819;33911.1;33909.6;1.5
2023-06-28 02:35:57.517;33910.6;33909.1;1.5
2023-06-28 02:35:57.916;33911.1;33909.6;1.5
2023-06-28 02:36:01.321;33911.6;33910.1;1.5
2023-06-28 02:36:03.021;33912.1;33910.6;1.5
2023-06-28 02:36:03.522;33911.6;33910.1;1.5
2023-06-28 02:36:03.924;33912.1;33910.6;1.5
2023-06-28 02:36:06.216;33912.6;33911.1;1.5
2023-06-28 02:36:07.617;33912.1;33910.6;1.5
2023-06-28 02:36:11.527;33912.6;33911.1;1.5
2023-06-28 02:36:14.634;33913.1;33911.6;1.5
2023-06-28 02:36:15.123;33912.6;33911.1;1.5
2023-06-28 02:36:16.816;33913.1;33911.6;1.5
2023-06-28 02:36:17.816;33912.6;33911.1;1.5
2023-06-28 02:36:22.019;33913.1;33911.6;1.5
2023-06-28 02:36:24.317;33913.6;33912.1;1.5
2023-06-28 02:36:25.519;33913.1;33911.6;1.5
2023-06-28 02:36:28.994;33913.6;33912.1;1.5
2023-06-28 02:36:30.422;33913.1;33911.6;1.5
2023-06-28 02:36:36.917;33913.6;33912.1;1.5
2023-06-28 02:36:39.017;33914.1;33912.6;1.5
2023-06-28 02:36:40.112;33913.6;33912.1;1.5
2023-06-28 02:36:41.417;33913.1;33911.6;1.5
2023-06-28 02:36:41.617;33913.6;33912.1;1.5
2023-06-28 02:36:41.916;33913.1;33911.6;1.5
2023-06-28 02:36:47.017;33912.6;33911.1;1.5
2023-06-28 02:36:53.116;33913.1;33911.6;1.5
2023-06-28 02:36:53.517;33913.6;33912.1;1.5
2023-06-28 02:36:55.418;33913.1;33911.6;1.5
2023-06-28 02:37:04.517;33913.6;33912.1;1.5
2023-06-28 02:37:09.022;33913.1;33911.6;1.5
2023-06-28 02:37:26.026;33913.6;33912.1;1.5
2023-06-28 02:37:26.423;33914.1;33912.6;1.5
2023-06-28 02:37:26.917;33914.6;33913.1;1.5
2023-06-28 02:37:36.221;33915.6;33914.1;1.5
2023-06-28 02:37:38.621;33916.6;33915.1;1.5
2023-06-28 02:37:38.919;33916.1;33914.6;1.5
2023-06-28 02:37:41.721;33916.6;33915.1;1.5
2023-06-28 02:37:47.415;33916.1;33914.6;1.5
2023-06-28 02:37:51.917;33916.6;33915.1;1.5
2023-06-28 02:37:52.621;33917.1;33915.6;1.5
2023-06-28 02:38:07.319;33916.6;33915.1;1.5
2023-06-28 02:38:08.419;33917.6;33916.1;1.5
2023-06-28 02:38:08.918;33918.6;33917.1;1.5
2023-06-28 02:38:09.917;33920.1;33918.6;1.5
